3142 5204
370 339 517 409 synopsis
539 339 669 395 coortos
688 341 850 395 libidinosi
868 341 1026 396 hialoricu.
1294 320 1321 386 ’5

60 513 197 593 ueneris
226 511 360 577 humani
382 512 463 576 teste
485 510 592 576 Flavio
615 512 795 596 Joseptoq.
853 513 1065 578 Tertullianus
1087 515 1191 579 autem
1216 501 1323 580 auctor

56 620 112 696 ast,
139 617 281 682 licitum
302 617 397 682 fuisso
421 616 499 699 apud
524 615 682 681 Hebraeos
706 617 855 683 infantem
872 617 1045 682 interficere
1065 618 1097 682 iu
1113 620 1204 700 partu
1221 619 1321 701 capite

56 724 207 790 nondum
231 722 400 788 visibiliter
421 722 453 786 in
471 722 570 787 luceru
596 721 679 788 edito
700 723 732 788 et
754 723 820 789 vita
842 723 952 788 matris
975 723 1006 787 in
1030 723 1163 790 maximo
1186 724 1321 808 periculo

57 831 210 898 versanti
224 829 263 913 ¹).

168 954 208 1018 4.
243 952 394 1017 Doctrina
417 951 587 1016 christiana
609 951 740 1034 denique
763 951 877 1015 crimen
901 952 1028 1016 abortus
1051 950 1152 1016 delere
1179 952 1321 1017 omnibus

58 1057 213 1142 moqqsa)
247 1057 444 1133 enitebatur,
476 1059 527 1122 ita·
552 1058 587 1121 ut
617 1056 718 1122 medio
751 1075 824 1121 aero
851 1057 961 1122 saltem
992 1057 1073 1139 apud
1098 1057 1266 1122 catholicos
1289 1057 1320 1121 id

59 1165 154 1246 pauci
183 1163 415 1246 perpetrarent.
461 1162 577 1228 Nostra
598 1163 700 1226 tamen
726 1163 830 1226 aetate
850 1161 1039 1227 labefactata
1061 1162 1232 1228 christiana
1251 1161 1321 1239 fide,

60 1289 195 1335 mamm
223 1267 426 1346 strenuitate,
459 1267 558 1331 denuc
580 1285 715 1331 crescere
738 1269 770 1330 at
793 1266 947 1348 divulgari
970 1266 1093 1332 videtur
1116 1267 1201 1332 istud
1223 1267 1323 1333 scelus

64 1374 346 1448 abominandum,
375 1391 433 1436 non
468 1371 585 1437 minore
615 1371 766 1436 adiutorio
798 1371 1014 1436 llaterialismi
1037 1371 1322 1454 philosophamus,

63 1482 159 1544 cuius
203 1478 330 1544 asseclis
364 1479 455 1543 tomo
493 1477 536 1541 nil
572 1476 655 1541 aliud
691 1495 782 1559 quam
820 1476 935 1541 animal
969 1477 1174 1542 facultatibus
1202 1479 1324 1559 praeter

60 1587 172 1650 cetera
193 1584 348 1648 excellens
364 1584 421 1658 est,
443 1582 524 1664 quod
549 1601 622 1663 ergo
646 1580 749 1662 aliquo
773 1581 1031 1646 incommodaret
1054 1581 1240 1647 detrimento
1262 1582 1321 1649 im-

61 1691 214 1756 minente
246 1687 419 1751 interficere
449 1687 551 1752 liceat.
605 1683 666 1750 Suo
697 1686 763 1751 iure
793 1687 841 1749 est
870 1685 1061 1762 timendum,
1084 1706 1123 1751 ne
1143 1687 1322 1770 saepissime

60 1795 149 1859 istud
180 1792 324 1856 nefasto
349 1792 470 1856 occuito
493 1791 572 1855 clarn
589 1791 792 1873 perpetretur,
817 1809 887 1854 curn
911 1809 970 1854 non
993 1791 1084 1873 pauci
1104 1791 1177 1870 siut,
1194 1811 1270 1875 quos
1289 1791 1321 1857 in

60 1899 199 1982 publico
237 1896 316 1960 illud
355 1915 493 1960 exercere
530 1897 563 1960 ct
599 1895 816 1960 commendare
853 1914 912 1959 non
946 1896 1081 1976 pudeat!
1140 1895 1252 1960 Nuntii
1288 1917 1323 1961 er

62 2003 220 2070 America
244 2001 357 2075 allati*
374 2000 523 2084 quidquid
547 1999 754 2065 humanitatis
776 1999 807 2064 in
831 1999 954 2064 lrornine
979 2001 1043 2076 est,
1075 2001 1207 2066 maxime
1227 2002 1321 2068 offen-

61 2109 203 2188 dunt4).
242 2105 331 2172 Sicut
350 2107 381 2170 in
408 2105 552 2171 America
575 2105 621 2170 ita
644 2107 675 2169 ct
698 2105 729 2170 in
753 2103 868 2176 Gallia.
893 2124 989 2187 paene
1009 2105 1136 2170 dixerim
1153 2106 1184 2170 in
1200 2107 1323 2188 Europa

61 2213 218 2278 universa
252 2214 340 2287 sunt,
377 2211 429 2293 qui
452 2229 577 2293 operam
602 2210 676 2276 dent
699 2212 732 2274 et
755 2209 813 2274 hoc
833 2209 893 2273 sibi
915 2209 998 2274 vitas
1022 2229 1120 2293 genus
1141 2213 1321 2293 proponant,

68 2321 106 2380 ut
131 2317 284 2382 abortum
308 2314 385 2379 lucri
410 2334 502 2380 rausa
524 2317 704 2398 procurent,
728 2315 773 2379 ita
795 2316 830 2378 ut
852 2314 1015 2381 veritatem
1043 2315 1093 2380 vix
1115 2316 1272 2398 attingas,
1296 2315 1323 2380 si

61 2421 246 2487 infantium
269 2439 431 2485 numerum
452 2419 497 2485 sic
519 2420 684 2504 quotannis
704 2419 929 2484 trucidatorum
947 2419 984 2484 ad
1001 2421 1087 2484 2-3
1106 2420 1206 2486 millia
1225 2421 1320 2486 aesti-

64 2526 219 2592 maveris.
267 2523 346 2605 Quid
371 2525 448 2608 quod
471 2525 678 2607 magistratus
701 2524 825 2606 quidam
849 2524 881 2588 in
906 2523 1019 2603 Gallia,
1043 2525 1157 2592 timeus
1177 2545 1321 2608 progres-

63 2653 135 2696 sum
162 2629 381 2696 multitudinis
404 2631 527 2711 propter
550 2629 772 2713 frequentiores
796 2630 913 2711 partus,
938 2629 1060 2694 maritis
1075 2630 1217 2696 abortum
1239 2649 1322 2696 com·

66 2735 239 2802 mendavit
267 2735 390 2816 aliaque
420 2734 528 2817 quinto
560 2737 591 2797 et
625 2735 711 2799 sexto
747 2732 885 2816 decalogi
921 2734 1083 2817 praecepto
1115 2734 1273 2817 prohibita
1284 2735 1321 2819 ⁶),

65 2859 170 2924 qnare
193 2859 255 2904 non
279 2839 452 2903 mirandum
477 2838 554 2902 illud
579 2839 715 2904 auctoris
739 2837 931 2919 Tardiaaitt
968 2839 1030 2904 »Le
1052 2839 1146 2904 crime
1169 2838 1323 2905 d'avcrte·

68 2945 184 3019 mcnt‚
215 2961 292 3007 nous
315 2963 351 3008 en
373 2962 467 3008 avons
488 2942 533 3006 les
555 2961 701 3026 preuves,
730 2942 882 3007 constitue
904 2962 964 3008 une
986 2943 1137 3009 veritable
1160 2944 1322 3012 industrie.

65 3050 157 3114 C'est
180 3049 213 3112 la
237 3067 296 3112 une
320 3047 416 3112 verita
432 3041 594 3112 tellement
613 3065 772 3123 reconnue,
793 3066 852 3129 quc
867 3046 928 3113 i'cu
945 3046 1073 3130 designa
1088 3048 1323 3131 publiqaemcnt

65 3155 122 3216 des
140 3152 293 3228 maisons,
318 3153 356 3216 dc
376 3152 421 3216 les
444 3152 572 3216 femmas
597 3152 666 3215 scut
689 3151 827 3215 assurtes
850 3152 888 3215 de
910 3153 1036 3216 trouver
1054 3152 1085 3216 la
1102 3153 1223 3217 funeste
1239 3172 1323 3219 cour·

67 3257 194 3338 plicitl,
219 3255 346 3340 qu'elles
369 3257 549 3330 reclament,
571 3257 604 3320 et
626 3255 702 3319 dont
722 3255 752 3320 la
775 3255 927 3320 notoriete
951 3257 999 3320 ast
1022 3256 1177 3338 repandus
1198 3256 1323 3341 jusqu't

65 3363 272 3438 lucramur«

180 3483 210 3547 5.
245 3481 282 3546 In
307 3479 473 3546 Germania
494 3484 616 3560 autem,
649 3482 707 3546 etsi
736 3481 816 3544 iilud
846 3479 1010 3545 uelandum
1042 3480 1141 3544 scelus
1173 3500 1233 3547 non
1255 3482 1320 3546 tam

67 3587 184 3668 aperta
203 3605 361 3664 emergere
383 3586 494 3662 audet,
524 3588 627 3650 tarucn
654 3605 672 3650 a
708 3585 816 3649 multis
838 3583 869 3648 id
894 3583 1037 3669 quaestui
1059 3584 1167 3650 haberi
1189 3584 1320 3662 colticas
1392 3621 1395 3628 ·

67 3713 102 3756 ex
129 3710 188 3765 eo,
225 3690 304 3772 quud
329 3690 573 3772 quoddammodo
606 3710 662 3754 non
697 3708 813 3772 paucas
836 3689 1047 3772 ephemerides
1071 3691 1103 3754 et
1124 3689 1246 3754 libellos
1267 3689 1318 3754 iu·

68 3797 199 3872 venias,
232 3813 328 3878 quar,
364 3793 390 3860 si
425 3793 629 3878 perspexeris,
664 3794 766 3859 verbis
801 3793 885 3859 haud
913 3794 1015 3858 dubiis
1036 3794 1173 3860 remedia
1196 3793 1319 3876 aliaque

180 4004 208 4069 1)
227 4001 294 4058 Adv.
315 4002 410 4071 Apion.
429 4003 454 4058 2.
472 4003 513 4057 24.

180 4091 209 4156 2)
226 4090 260 4144 de
277 4089 367 4146 anima
385 4089 428 4144 25.

180 4175 382 4242 striderunt
400 4175 513 4230 coucilia
531 4177 559 4229 et
578 4177 653 4246 leges
670 4194 686 4231 a
702 4175 868 4244 principibus
886 4177 965 4233 latas.

178 4261 208 4328 4)
226 4263 259 4316 cl.
281 4263 409 4325 Mulier.
438 4263 493 4317 Der
519 4262 656 4318 verlorcnc
682 4263 763 4318 Sohn.
809 4263 866 4318 lius
895 4264 954 4318 dem
984 4261 1147 4330 Englischeu
1172 4261 1321 4326 ubertatum

73 4348 210 4418 Freiburg
227 4349 309 4410 188ος
328 4365 389 4418 pag.
409 4351 458 4405 168
478 4353 506 4405 et
524 4367 600 4420 seqq.
618 4352 662 4405 vid
681 4350 764 4406 etiarn
785 4351 840 4406 »Le
859 4350 974 4406 Mende«
992 4349 1017 4404 d.
1035 4349 1060 4403 d.
1078 4348 1120 4404 25.
1138 4347 1203 4416 Apr.
1221 4348 1296 4402 1878.

178 4435 207 4500 5)
225 4436 352 4503 Duuoyer
370 4437 520 4503 praefectus
534 4437 685 4506 provinciae
699 4436 861 4492 Scmnrensis
879 4456 903 4492 a.
916 4437 992 4502 1838,
1009 4439 1104 4492 contra
1117 4433 1189 4502 quod
1201 4433 1317 4503 episcopi

72 4521 182 4576 Galliae
204 4522 378 4578 rahernenter
403 4527 622 4593 protestarerunt
646 4525 679 4579 ci.
707 4525 820 4580 Journal
839 4526 887 4580 des
905 4525 1021 4580 tenuem.
1040 4526 1104 4578 tour.
1124 4521 1198 4578 XIV.
1217 4522 1267 4576 atu
1286 4538 1320 4576 ss.

71 4607 163 4662 Parin.
183 4608 219 4662 Π.
239 4610 283 4663 57.

180 4693 208 4762 6)
229 4683 320 4748 trude
339 4695 544 4767 medico-legale
562 4713 607 4752 sur
626 4696 814 4751 l'arcrterneut
831 4696 873 4751 ed.
892 4697 967 4752 1881.
