3142 5204
438 319 484 386 De
502 319 697 386 animatione
713 316 824 398 foetus.
1215 305 1254 380 15

57 503 161 581 neutralia
182 501 325 572 constant
345 507 376 570 et
399 505 480 571 oculi
504 508 719 588 praegnantes.
776 503 836 568 Seri
870 502 1022 579 leonina,
1055 522 1134 586 quae
1170 503 1253 568 intra

56 613 138 675 ortium
169 630 303 676 mensem
338 611 493 694 eruperit,
528 609 712 673 indistincta
743 612 809 673 est:
849 627 928 690 quae
966 609 1070 672 autem
1106 607 1252 691 quartum
1357 669 1358 674 ,

56 717 127 798 ulepta
147 717 190 778 ost
216 733 370 792 mensem,
394 714 601 779 distinctionis
625 712 761 796 effigiem
786 712 870 777 brevi
894 715 1032 795 tempore
1055 712 1170 795 accipit
1197 763 1253 778 ...

57 821 120 882 lares
136 820 232 884 foetus
257 837 370 903 magna
394 839 429 884 ex
452 823 539 902 parte
562 818 644 882 circa
667 817 939 901 quadragesimum
964 816 1046 880 diem
1067 816 1173 882 dextro
1200 836 1254 899 po-

57 925 190 988 :instatere
214 926 384 1000 mouentur,
409 924 543 988 foemina
565 923 692 989 sinistro
713 923 841 988 circitor
864 921 1127 1004 nonagesimum.‹
1163 921 1253 985 Prae·

57 1029 115 1091 naluit
133 1031 233 1092 tamen
257 1029 411 1094 sententia
434 1028 581 1104 limitata,
605 1046 696 1110 quam
722 1029 817 1091 etiam
841 1025 872 1090 S.
887 1025 1023 1090 Thomas
1045 1026 1254 1108 amplecteba-

56 1137 115 1196 nret
127 1132 365 1198 (loimbricenses
380 1133 612 1214 asserebaut1):
640 1131 859 1196 »communior
874 1149 1007 1212 veraque
1023 1131 1176 1196 sententia
1194 1132 1251 1208 est,

56 1239 70 1296 in
85 1237 199 1300 naribus
226 1237 345 1300 absolvi
373 1237 588 1301 formationem
613 1236 694 1300 circa
716 1235 973 1318 octogesimum«
1021 1235 1251 1318 Argumentum

57 1343 109 1406 liuius
128 1343 273 1424 opinionis
296 1341 459 1426 desumpta
480 1344 527 1405 est
549 1359 584 1405 ex
607 1359 694 1406 sacra
722 1340 887 1424 scriptura,
911 1358 1005 1422 quare
1029 1342 1252 1423 prosequutur:

58 1444 175 1524 »Quoties
197 1449 314 1528 optimo
337 1445 552 1521 confirmatur,
587 1445 660 1528 quia
695 1446 724 1509 in
762 1445 856 1509 veteri
894 1444 998 1528 lega⁸l
1034 1442 1189 1520 foemina,
1227 1443 1253 1507 si

57 1551 178 1613 nscrrlurn
203 1551 342 1633 pareret,
374 1551 582 1633 qnadraginta
604 1550 729 1626 dietus,
762 1550 788 1612 si
812 1547 978 1613 foeminam
1002 1548 1162 1631 octoginta
1185 1566 1251 1612 seso

60 1654 108 1717 iuno
126 1655 317 1732 continebat,
340 1657 371 1719 et
392 1673 411 1719 a
431 1655 547 1736 templo
569 1654 710 1738 ingressu
734 1654 921 1718 abstinebat.
976 1653 1066 1718 lluuc
1090 1654 1170 1716 enim
1195 1672 1252 1716 nu·

57 1777 129 1821 uterum
157 1761 330 1824 divinarum
363 1759 538 1824 litterarum
562 1760 746 1841 interpretes
769 1758 808 1822 ad
830 1758 1037 1822 imitationem
1062 1758 1193 1822 naturae
1216 1775 1253 1821 ac

56 1863 172 1944 stuporis,
195 1883 256 1947 quo
276 1865 307 1928 in
330 1866 418 1928 utero
440 1883 549 1946 corpus
573 1863 743 1946 effingitur,
766 1862 989 1945 praescriptum
1012 1862 1107 1927 fuisso
1131 1863 1250 1926 aiunt«

56 1965 198 2034 Sententiam
222 1969 302 2032 hauc
323 1968 415 2032 etiam
440 1967 565 2050 plurimi
586 1967 763 2032 moralistae
787 1967 818 2030 in
844 1967 932 2030 libris
955 1968 1028 2030 sunt
1051 1967 1167 2043 secuti,
1200 1965 1252 2030 uhi

55 2069 183 2154 lisliugnnt
209 2072 292 2138 inter
315 2072 431 2137 loetum
455 2072 625 2136 auimatum
649 2074 683 2135 et
704 2071 911 2135 inanimatum
934 2071 964 2134 iu
990 2069 1175 2136 incurrenda
1200 2090 1252 2135 ex-

56 2178 284 2244 ommunicatioue
308 2181 339 2239 et
361 2175 604 2260 irregularitate.

118 2281 189 2346 Vera
212 2284 246 2346 et
270 2282 381 2344 uostris
405 2281 595 2364 temporibus
619 2279 869 2346 communissima
892 2279 1048 2344 sententia
1068 2279 1117 2345 est
1133 2280 1250 2344 loetum

56 2382 141 2448 ulmari
172 2387 204 2450 in
240 2385 447 2467 conceptionis
481 2386 611 2450 instanti
646 2385 775 2468 ideoque
807 2384 912 2448 anima
941 2383 1101 2449 rationalis
1125 2385 1251 2449 unicum

56 2485 188 2570 pincipium
213 2491 412 2556 lormativum
441 2491 537 2554 totius
558 2490 692 2554 hominis
716 2508 790 2554 esse.
837 2488 923 2570 Quae
944 2487 1083 2554 doctrina
1106 2507 1141 2552 ex
1164 2490 1248 2554 anti-

57 2593 164 2668 pissirnis
176 2595 366 2677 temporibus
384 2596 477 2659 hahet
492 2594 665 2660 defensores
682 2613 778 2676 neque
797 2593 952 2658 contraria
968 2591 1064 2658 sacris
1079 2593 1250 2676 scripturis,

55 2691 237 2764 birritiouibus
261 2702 293 2764 et
317 2700 399 2781 praxi
422 2699 568 2764 ecclesiae
590 2701 622 2763 et
646 2698 757 2763 nititur
780 2697 920 2780 positivis
943 2699 973 2761 et
993 2697 1179 2762 firmissimis
1201 2717 1251 2761 ra·

54 2799 153 2865 ionibus.
196 2804 256 2869 Sed
280 2803 318 2867 de
341 2804 423 2868 hisce
446 2800 588 2869 omnibus
612 2802 736 2867 uberius
759 2802 987 2867 tranctandum.

55 2963 144 3031 Patroni
164 2970 333 3051 opinionis,
355 2993 431 3053 quoe
446 2977 526 3035 tenet
541 2971 681 3036 animum
696 2971 729 3033 in
746 2971 878 3034 tristanti
893 2969 1102 3050 conceptionis
1116 2969 1249 3047 incendi

88 3073 113 3134 in
132 3095 242 3155 corpas
264 3095 303 3138 err
325 3075 554 3157 antiquissimis
576 3074 765 3156 temporibus
788 3095 884 3156 nsque
906 3073 949 3138 od
971 3074 1027 3138 boc
1049 3080 1180 3154 tempus.

119 3196 143 3260 l.
166 3197 296 3260 Constat
318 3196 618 3273 Tradnciauismuro‚
642 3196 737 3260 etiam
756 3196 780 3258 si
798 3195 834 3260 de
852 3196 970 3278 origine
989 3195 1109 3260 animae
1124 3195 1250 3273 erravit,

54 3298 158 3374 ‚aprinis
178 3301 405 3365 Tertullianum
428 3305 459 3366 et
483 3300 654 3366 arnobium
676 3299 831 3365 censuisse
854 3299 989 3364 animam
1018 3299 1100 3365 uniri
1131 3299 1249 3382 corpori

55 3399 113 3472 lino
133 3404 337 3488 conceptionis
359 3405 490 3469 instanti
503 3409 539 3488 ³).
585 3403 655 3468 Huc
685 3404 781 3468 etiam
811 3404 941 3469 fortasse
972 3403 1180 3468 numerandus
1207 3404 1250 3468 sit

57 3501 148 3570 latrina
172 3510 507 3575 Praeexisteutianismi
528 3508 710 3592 Originis4),
734 3527 828 3591 quam
855 3510 1043 3574 sententiam
1064 3509 1146 3573 inter
1169 3507 1246 3573 alios

54 3623 147 3687 urpresse
169 3614 323 3680 refutatur
346 3617 465 3679 Aeneas
489 3613 678 3697 araneosa.
716 3607 718 3611 ’

117 3714 169 3782 Sei
198 3719 272 3802 quia
303 3719 427 3784 minime
459 3719 544 3783 iuvat
567 3719 702 3782 nostram
730 3715 846 3782 thesim
871 3717 929 3781 niti
952 3717 1115 3783 sententiis
1135 3718 1174 3782 ab
1195 3735 1246 3781 ec-

54 3811 109 3880 lesia
127 3821 192 3904 (etsi
218 3842 278 3886 non
301 3823 401 3907 quoad
424 3823 506 3887 huno
529 3822 644 3904 locum)
676 3821 832 3886 damnatis
862 3825 1056 3886 transeamus
1090 3820 1129 3884 ad
1153 3822 1250 3886 tostas

55 3935 86 3980 'n
102 3929 259 4008 suspectos.
586 3995 589 4000 .

117 4031 142 4096 2.
168 4033 252 4096 luter
274 4032 478 4098 occidentales
503 4035 645 4114 patronos
664 4032 739 4096 talis
755 4029 926 4096 sententiaa
943 4026 1115 4111 reserante)
1138 4027 1247 4109 impri-

56 4121 319 4148 x—

119 4175 141 4244 l)
156 4177 194 4231 De
213 4178 304 4232 anima
322 4195 362 4246 cp.
382 4180 406 4234 1.
425 4197 450 4248 q.
469 4179 493 4233 4.
512 4196 537 4234 a.
555 4177 580 4230 2.

119 4261 143 4328 2)
157 4264 220 4318 hev.
238 4280 278 4332 ep.
298 4263 361 4320 ΧΙΙ.

119 4348 141 4416 3)
158 4351 189 4406 cf.
210 4350 283 4404 Tert.
302 4350 335 4405 de
353 4351 443 4406 anima
463 4353 503 4406 19.

119 4435 141 4501 tl
160 4437 199 4491 Do
216 4438 364 4508 principiis.

118 4521 141 4588 5)
157 4524 187 4578 ln
204 4525 292 4580 libro:
314 4524 515 4594 Theophrastus
536 4525 593 4580 sive
609 4525 642 4579 de
662 4526 811 4580 animarum
832 4523 1038 4580 immortalitate
1059 4527 1245 4592 etcorporum

59 4608 210 4666 hermione.

120 4694 143 4763 6)
160 4701 193 4754 Α.
211 4701 255 4764 a..
272 4697 478 4766 Disputationes
495 4702 558 4763 etc,
577 4699 596 4752 l.
614 4715 635 4752 c.
655 4716 680 4766 p.
700 4699 758 4752 150.
