3142 5204
295 293 338 358 50
481 306 694 372 Heldearctch
714 304 793 363 Diae.
811 305 846 362 in
865 319 926 365 cae.
946 304 1001 364 all.
1020 308 1116 362 conat.
1135 305 1239 377 Aperi.
1257 301 1352 360 Sedis.

295 486 358 548 tem
390 481 428 546 ad
459 479 670 563 expellendum
704 479 898 563 puerperium
930 480 991 544 iam
1025 480 1217 543 animatum:
1250 477 1331 560 quod
1362 495 1450 540 nemo
1482 475 1542 540 ad·

297 587 401 652 mitta
415 585 470 670 1).‹
899 586 902 592 ’

398 689 586 756 Tambortni
609 689 644 772 (†
662 688 758 772 1675)
773 690 798 772 ἱ)
821 689 867 753 ita
882 689 1004 754 conset:
1032 686 1177 770 »Duplici
1196 686 1284 752 modo
1303 735 1308 748 .
1328 737 1335 751 .
1353 735 1360 751 .
1379 683 1543 767 procurari

295 793 376 876 (scil.
401 792 541 873 abortus)
565 793 667 875 potest
690 841 697 856 .
722 843 728 857 .
754 843 761 858 .
787 791 889 856 Primo
914 791 1080 869 indirecte,
1113 793 1148 856 ut
1179 789 1205 854 si
1237 807 1411 872 praegnans
1432 789 1543 852 sumat

296 897 496 981 pharmacum
520 895 649 960 tendens
672 895 788 962 directe
810 895 849 960 ad
873 896 1056 973 sanitatem,
1084 895 1158 959 licet
1182 913 1233 976 per
1257 893 1399 958 accidens
1423 893 1543 956 inierat

295 1003 424 1066 mortem
447 999 542 1066 foetui
565 1000 629 1064 sive
652 1000 788 1064 aalmato
812 1000 876 1064 eive
900 1000 1087 1074 inaulmatm
1122 1001 1154 1062 et
1186 999 1266 1062 huuc
1289 998 1431 1062 abortum
1454 996 1542 1060 indi-

295 1107 414 1171 rectum
447 1122 607 1187 procurare
643 1122 678 1168 ex
712 1103 942 1186 proportionata
975 1122 1069 1167 cauea
1102 1103 1187 1166 licite
1211 1102 1328 1184 potest,
1364 1105 1430 1165 tum
1469 1101 1540 1182 ipsa

295 1227 468 1293 praegnans
493 1211 558 1272 turn
583 1207 637 1272 alii
663 1260 669 1274 .
692 1257 699 1272 .
726 1257 732 1270 .
757 1206 885 1287 Quando
908 1206 1135 1272 medicamenta
1158 1225 1252 1288 aeque
1274 1205 1408 1270 tendunt
1429 1205 1460 1268 ln
1489 1224 1543 1268 ea-

295 1312 393 1378 lutem
423 1311 533 1376 matris
567 1313 599 1376 et
632 1311 663 1375 in
700 1313 829 1377 mortem
867 1310 983 1389 foetus,
1019 1329 1106 1393 posse
1142 1329 1177 1374 ea
1213 1309 1360 1394 applicari
1396 1308 1542 1373 infirmae

297 1415 500 1500 praegnanti,
525 1415 550 1479 si
573 1416 659 1480 salus
681 1414 821 1480 infirmae
842 1417 888 1480 eet
913 1414 1090 1496 desperata,
1115 1413 1202 1478 docet
1226 1412 1427 1496 probabiliter
1450 1411 1539 1479 Soa-

296 1519 370 1586 clcea
392 1520 412 1586 l.
431 1539 457 1584 o.
475 1539 504 1608 ιι.
524 1519 564 1584 19
589 1519 712 1584 etiamsi
733 1519 861 1584 dubium
886 1519 936 1596 sit,
963 1537 1000 1582 an
1026 1519 1121 1582 vitam
1145 1517 1238 1582 matri
1255 1517 1392 1581 allatura
1408 1517 1492 1582 sint.
1509 1569 1541 1583 ..

296 1621 439 1688 Secundo
460 1621 595 1702 directe,
625 1624 662 1687 ut
683 1622 709 1687 ei
733 1622 869 1688 medicus
893 1621 1082 1705 praeciperet
1105 1621 1286 1688 ebibendum
1311 1622 1467 1704 potionem
1493 1621 1542 1684 di-

296 1729 379 1793 recte
402 1728 564 1792 habentem
590 1745 643 1810 pro
667 1745 722 1792 sua
747 1726 776 1792 vi
799 1725 916 1791 foetum
940 1726 1116 1792 interimere
1148 1726 1196 1791 vel
1226 1725 1454 1809 conceptionem
1480 1725 1539 1789 im-

296 1832 497 1914 pedire...

398 1933 431 2000 Si
453 1935 583 2013 constet,
607 1934 720 1999 loetum
748 1933 813 1999 esee
837 1933 1024 2012 animatum,
1049 1933 1096 1999 vel
1119 1933 1288 2010 dubitetur,
1317 1951 1356 1996 an
1381 1931 1542 1996 animatus

295 2031 353 2104 sit:
378 2057 532 2121 nunquam
557 2037 631 2103 licet
655 2088 661 2102 .
685 2087 693 2104 .
717 2086 725 2105 .
748 2038 774 2102 si
797 2037 896 2103 foetus
918 2039 965 2102 est
988 2040 1053 2102 sine
1077 2038 1189 2114 anima,
1213 2036 1308 2120 aliqui
1330 2035 1492 2102 affirmant
1508 2036 1542 2098 in

295 2144 385 2207 tanta
419 2142 603 2208 necessitate
637 2141 747 2208 matris
782 2141 874 2207 licere
899 2192 905 2206 .
931 2190 986 2220 .,.,
1010 2141 1106 2225 aliqui
1129 2143 1273 2226 negant.
1299 2189 1306 2204 .
1333 2191 1338 2204 .
1364 2140 1542 2224 Utrumque

295 2246 484 2330 probabile«

398 2349 550 2416 Similiter
573 2349 811 2433 Reiffeostaalil
835 2351 867 2415 et
892 2348 1060 2416 Ooromael
1070 2350 1104 2434 ⁴).

397 2454 534 2520 Antoino
566 2452 602 2538 (†
626 2453 723 2538 1743)
753 2453 784 2518 iu
817 2453 986 2537 Theologia
1017 2453 1126 2518 morali
1158 2453 1362 2538 universati)
1392 2455 1539 2536 quaerit:

298 2557 364 2622 »An
386 2575 542 2640 nunquam
561 2557 636 2622 licet
655 2575 817 2641 procurare
840 2557 1008 2623 abortum?
1032 2558 1119 2640 Reep.
1145 2559 1179 2622 2⁰
1201 2557 1263 2639 Qui
1286 2557 1423 2622 aalmato
1440 2556 1540 2621 foetui

294 2661 437 2726 abortum
468 2662 613 2744 procurat
636 2679 705 2726 vere
728 2663 760 2726 et
782 2661 902 2745 proprie
926 2661 1124 2737 homicidium
1148 2661 1318 2727 committit
1342 2712 1349 2726 .
1373 2711 1379 2726 .
1408 2709 1430 2739 .,
1456 2681 1539 2724 uun-

294 2782 386 2849 quam
409 2761 483 2828 lioet
514 2764 655 2829 abortum
687 2764 786 2830 foetus
819 2766 950 2830 animati
980 2785 1159 2849 procurare,
1195 2765 1315 2830 etiamsi
1350 2765 1466 2848 alioqui
1500 2766 1545 2830 sit

296 2866 481 2950 periculum,
505 2887 542 2932 ne
564 2866 665 2933 foetus
687 2867 781 2934 simul
803 2888 872 2934 cum
895 2871 994 2935 matre
1014 2869 1164 2949 intereat,
1188 2871 1261 2953 quia
1282 2889 1437 2953 uunquam
1462 2869 1555 2934 licet¹

294 2970 430 3038 occidero
452 2971 646 3038 innocentem
670 2972 763 3038 etiam
788 2974 827 3038 ad
850 2973 1032 3040 servandam
1063 2974 1191 3040 alterius
1222 2974 1336 3040 vitam:
1368 2973 1449 3038 idem
1488 2973 1539 3038 di-

296 3073 437 3155 cendum,
461 3074 487 3140 ei
512 3075 639 3141 dubium
662 3075 714 3156 eit,
738 3096 778 3142 au
792 3075 892 3143 foetus
911 3079 952 3142 sil
969 3077 1135 3157 animatus,
1156 3077 1229 3162 quia
1244 3080 1325 3143 esset
1341 3097 1373 3142 ee
1389 3097 1544 3160 exponere

294 3165 428 3261 periculo
451 3178 609 3245 occidendi
631 3179 824 3246 innocentem
850 3235 856 3248 .
881 3231 888 3246 .
914 3231 920 3246 .
947 3235 953 3248 .

397 3281 457 3348 Sed
492 3301 563 3349 uum
596 3283 670 3349 lieet
703 3285 741 3350 ad
777 3286 885 3351 matris
920 3285 1181 3351 conservationem
1215 3285 1243 3351 ei
1274 3285 1419 3368 praebere
1442 3287 1544 3370 phar-

295 3405 427 3466 macum,
451 3406 510 3472 qno
533 3387 633 3455 foetus
658 3389 784 3471 putetur
808 3389 1000 3454 moriturus?

398 3489 488 3574 ltesp.
508 3491 541 3556 1⁰
565 3491 633 3557 Non
650 3490 733 3571 licet,
750 3493 894 3575 praebere
911 3493 1003 3560 matri
1020 3513 1074 3558 uec
1090 3495 1116 3558 ei
1131 3513 1251 3560 sumere
1267 3493 1439 3559 remedium
1455 3515 1496 3560 ex
1513 3497 1544 3560 vi

294 3613 350 3658 sua
361 3593 536 3659 ordinatum
551 3595 589 3660 ad
604 3595 810 3678 expulsionem
824 3597 923 3662 foetus
936 3597 1000 3662 eive
1011 3597 1140 3662 animati
1151 3598 1214 3663 slve
1223 3597 1400 3676 inanimati,
1413 3599 1543 3666 etiamsi

294 3698 378 3763 certa
400 3697 443 3764 eil
464 3698 624 3783 utriusque
647 3718 737 3777 mors,
760 3701 786 3766 si
807 3719 867 3767 non
888 3700 1083 3779 adhibeatur,
1107 3703 1139 3766 et
1154 3702 1320 3784 probabile,
1341 3702 1383 3767 sit
1404 3705 1543 3769 matrem

294 3801 476 3868 servandam
499 3820 565 3868 esse
582 3803 637 3867 illo
654 3804 795 3869 adhibito
815 3854 822 3869 .
842 3853 873 3868 ..
899 3805 987 3890 Resp.
1006 3807 1041 3870 2⁰
1063 3805 1108 3870 Ihr
1125 3807 1278 3870 communi
1293 3806 1448 3872 sententia
1465 3806 1543 3874 lieet

296 3905 386 3970 matri
411 3925 530 3971 sumere
556 3910 588 3972 et
610 3907 638 3972 ei
660 3909 805 3990 praebere
828 3909 998 3974 remedium
1022 3929 1075 3993 per
1097 3929 1129 3976 ee
1152 3911 1324 3976 curativum
1349 3911 1460 3976 matris
1485 3931 1543 3976 nec

293 4026 347 4093 per
368 4028 401 4074 ee
420 4010 549 4076 tendens
571 4011 610 4076 ad
628 4011 829 4089 abortionem,
852 4013 994 4095 quamvis
1012 4013 1053 4078 sit
1072 4013 1251 4097 periculum,
1271 4033 1308 4078 ne
1325 4013 1396 4078 inde
1412 4015 1537 4080 abortio

294 4114 458 4196 aequatur:
481 4114 571 4183 modo
594 4117 724 4194 constet,
749 4115 864 4182 loetum
886 4135 945 4182 nou
966 4136 1034 4182 esea
1056 4117 1226 4183 animatum
1243 4119 1274 4182 et
1295 4120 1397 4182 mater
1420 4119 1540 4201 alioqui

398 4305 424 4374 1)
441 4309 522 4363 tract.
540 4305 618 4363 XIII.
636 4307 669 4363 de
687 4308 774 4363 restit.
794 4324 816 4362 c.
831 4307 868 4362 II.
887 4323 913 4361 n.
930 4308 973 4363 ab.

396 4391 426 4460 2)
443 4391 462 4448 l.
481 4409 502 4447 c.
520 4391 566 4448 lib.
585 4392 633 4448 VI.
651 4409 692 4462 cp.
711 4392 748 4448 II.
768 4392 794 4459 ξ.
813 4393 838 4448 4.
857 4410 883 4448 ιι.
904 4392 978 4447 1-4.

396 4477 424 4548 3)
442 4481 477 4533 tr.
494 4477 544 4533 IX.
565 4477 627 4534 diet.
646 4478 698 4534 III.
719 4495 742 4548 q.
762 4478 815 4533 111.
833 4497 859 4534 n.
879 4479 921 4536 33.

395 4564 424 4633 4)
443 4563 536 4622 Theol.
554 4564 721 4622 fundament.
740 4564 787 4622 lib.
805 4566 843 4622 Il.
861 4565 935 4622 fund.
953 4566 983 4621 L.
1003 4566 1035 4622 V.
1053 4583 1077 4621 a.
1096 4565 1172 4622 VIII.
1191 4585 1216 4638 q.
1236 4567 1283 4622 VI.

397 4651 424 4730 5)
445 4651 477 4706 da
495 4651 582 4708 instit.
603 4655 630 4707 et
648 4654 704 4708 iure
722 4658 772 4708 etc.
792 4655 843 4708 etc.
861 4671 887 4724 p.
906 4653 956 4708 III.
976 4669 1015 4722 cp.
1034 4653 1070 4708 II.
1091 4671 1117 4724 q.
1137 4655 1166 4710 V.
