3142 5204
487 329 634 385 Rationes
652 329 872 398 speculativae.
1262 318 1304 383 29

127 514 165 580 4.
195 507 348 576 Nullum
373 500 482 567 deinde
503 500 658 565 invenitur
673 501 795 583 tempus
812 502 925 583 aptius,
947 521 1006 584 quo
1023 503 1127 570 anima
1141 504 1304 573 rationalis

3 617 228 689 ‘iulundatur
273 607 396 692 corpori
431 624 522 688 quam
556 605 679 686 tempus
714 608 894 688 conceptus,
931 607 984 671 uhi
1019 608 1163 675 continuo
1194 610 1305 695 incipit

31 723 195 798 iormatio,
225 731 336 797 neque
361 710 424 774 ulla
445 710 492 774 est
514 707 603 785 ratio,
626 706 741 790 quaid
764 707 961 791 impediatur.

131 823 269 905 Neque
294 815 401 882 vilitas
425 813 528 878 obstat
550 829 646 876 novae
669 814 837 878 creaturae.
887 813 986 878 »Nam
1015 815 1095 898 quod
1127 817 1305 885 substantia

2 927 3 968 ³
31 927 220 1018 spiritualis
250 919 402 987 informet
423 917 577 999 impuram
602 916 781 993 materiam,
814 935 911 1000 neque
934 917 1059 1003 physice
1082 939 1180 1005 nequa
1203 941 1304 988 mora·

32 1043 97 1104 liter
124 1027 291 1098 detrahit
314 1023 401 1087 illius
424 1020 590 1103 dignitati,
625 1037 695 1083 oum
719 1039 754 1084 ex
777 1022 865 1102 parte
884 1022 1007 1087 animae
1030 1023 1248 1091 immaterialis
1272 1029 1304 1092 et

32 1149 248 1222 incorporeae
272 1147 333 1192 non
355 1126 447 1191 detur
468 1125 628 1188 contactus
651 1124 888 1204 quantitativas,
913 1178 920 1192 .
941 1175 974 1191 ..
999 1127 1052 1193 sed
1075 1129 1177 1212 magis
1200 1130 1305 1196 deela-

33 1255 117 1312 ratur
145 1230 362 1306 admirabilis
382 1229 437 1293 Dei
459 1228 622 1310 sapientia,
646 1227 726 1310 quod
743 1247 897 1311 gemmam
911 1231 1168 1312 pretiosissimam
1188 1234 1304 1318 absque

33 1355 75 1415 sui
101 1343 247 1412 vilitate
274 1337 358 1403 inter
380 1333 500 1398 luteum
525 1350 577 1396 vas
597 1331 809 1410 collocaverit,
840 1333 922 1399 sicut
950 1335 1057 1401 radius
1085 1337 1159 1402 solis
1181 1338 1305 1422 impura

33 1453 141 1538 tangit
171 1461 284 1526 nequa
305 1442 409 1504 tamen
432 1435 727 1517 contaminatur1).‹

141 1553 268 1632 Neque
292 1542 440 1628 parvitas,
465 1542 500 1603 ut
523 1540 609 1622 patet
631 1558 666 1604 ex
690 1557 764 1617 sese,
788 1540 832 1604 rei
856 1540 905 1607 cui
928 1542 1107 1625 impertitur
1127 1545 1231 1611 anima
1254 1567 1304 1612 ra-

35 1659 190 1734 tionalis,
229 1649 313 1714 ratio
336 1664 403 1711 esse
424 1645 523 1728 potest
546 1643 576 1706 irl
597 1643 662 1707 ficri
686 1644 830 1727 negandi.
874 1646 957 1710 Nam
979 1646 1115 1730 primum
1146 1669 1205 1716 non
1235 1651 1301 1716 sine

35 1782 156 1850 magna
177 1757 230 1823 rei
247 1748 471 1838 perspicuitate
494 1747 619 1830 eiusque
642 1748 789 1830 probandi
815 1749 919 1814 robore
941 1751 1030 1816 affert
1045 1752 1302 1839 Florentinum)

35 1875 124 1936 iuxta
149 1861 323 1930 Galacum
332 1859 356 1934 ³)
380 1851 472 1935 »quia
494 1852 574 1916 sicut
596 1851 734 1916 triticum
758 1872 786 1918 v.
812 1872 840 1936 g.
866 1854 1020 1920 astritici
1045 1859 1161 1924 semine
1184 1861 1215 1924 et
1239 1859 1302 1926 alia
1355 1875 1361 1882 ·

34 1971 161 2040 similia
192 1983 233 2029 ex
256 1959 413 2025 similibus
437 1955 569 2039 perlecta
594 1957 781 2021 nascuntur:
813 1957 857 2021 sic
880 1977 915 2023 ex
943 1958 1078 2028 humano
1102 1963 1218 2028 semino
1241 1984 1301 2031 non

36 2079 94 2144 nisi
117 2067 287 2138 rationale
310 2062 426 2128 animal
450 2059 535 2125 nasci
558 2059 715 2143 dehet4).«
760 2060 877 2127 Deinde
897 2063 1027 2128 scientia
1050 2084 1151 2131 rerum
1174 2068 1303 2134 natura·

36 2185 129 2254 lium,
158 2190 246 2258 quae
268 2168 333 2234 enti
358 2166 420 2230 iere
440 2164 588 2229 invisibili
606 2184 633 2230 v.
650 2185 680 2248 g.
698 2165 810 2230 bacillo
827 2165 991 2249 pulmonis,
1008 2171 1043 2233 ut
1058 2171 1217 2254 appellant
1233 2175 1303 2252 etc,

39 2285 201 2351 virtutem
231 2277 296 2340 tam
322 2269 532 2335 vehementem
558 2267 688 2348 tribuit,
713 2289 772 2334 non
796 2272 854 2348 est,
878 2288 934 2335 our
956 2271 1067 2350 rideat,
1090 2273 1225 2340 animam
1250 2296 1301 2342 ra·

38 2387 201 2456 tionalem
227 2378 415 2444 formantem
438 2372 558 2437 infundi
582 2372 694 2438 visibili
718 2393 773 2440 ovo
796 2374 943 2441 mulieris.
988 2377 1151 2443 Praeterea
1181 2382 1301 2446 constat

38 2490 201 2560 bestiolas
227 2500 311 2559 esse,
348 2497 426 2563 quae
450 2477 553 2542 oculos
577 2477 824 2562 subterlugiant,
858 2478 904 2544 ita
932 2481 966 2545 ut
994 2481 1149 2548 mediante
1177 2484 1302 2550 tantum

40 2588 255 2672 microseopio
278 2583 393 2650 intueri
422 2601 474 2646 eas
500 2581 608 2656 liceat,
645 2601 784 2666 quaeque
814 2583 919 2648 tamen
950 2585 983 2648 in
1015 2605 1070 2650 suo
1100 2587 1199 2670 gradu
1230 2608 1299 2672 per·

39 2701 219 2766 lectionem
242 2709 334 2754 suam
358 2687 486 2751 teneant
510 2685 648 2769 pluribus
674 2687 830 2753 distinctis
854 2689 979 2772 organis
1003 2690 1162 2773 praeditae
1177 2694 1212 2775 ⁶).

154 2801 186 2864 5.
213 2793 302 2876 Quod
328 2797 431 2856 autem
457 2793 574 2856 veteres
593 2791 767 2857 reiecerunt
785 2792 971 2858 sententiam
987 2794 1052 2877 ipso
1069 2798 1234 2880 conceptus
1249 2797 1299 2863 in-

38 2909 123 2976 tanti
153 2903 295 2969 animam
318 2895 501 2961 rationalem
525 2893 654 2974 infundi,
678 2896 749 2961 inda
775 2897 890 2961 iactum
914 2899 971 2978 est,
1000 2899 1081 2982 qvuod
1105 2900 1143 2965 de
1166 2921 1298 2986 genera·

38 3013 142 3080 tionis
167 3022 316 3091 processu
339 3000 453 3084 partim
476 3018 600 3064 erronea
622 3000 846 3082 cogitaverunt.

155 3109 322 3177 ‘tenebant
342 3105 423 3170 anim
448 3104 594 3187 permulti
618 3104 706 3187 eique
729 3104 902 3190 physiologi
938 3125 1060 3173 »semen
1083 3109 1116 3173 iu
1138 3110 1299 3176 matricem

39 3219 211 3286 deiectum
246 3230 305 3276 non
339 3207 447 3273 statim
471 3208 597 3272 tormari
619 3208 651 3273 in
675 3209 844 3289 hominem,
880 3211 933 3275 sed
966 3211 1048 3295 prius
1078 3212 1204 3298 quidem
1233 3215 1299 3281 lieri

39 3322 257 3408 sangninem,
283 3313 394 3378 deinde
416 3314 449 3376 in
471 3330 595 3378 carnem
618 3312 785 3378 humanam
810 3332 1021 3394 concrescere,
1054 3316 1163 3383 deinde
1194 3319 1302 3404 elfiugi

39 3433 71 3494 et
108 3422 247 3492 formari
280 3419 312 3484 in
352 3417 489 3482 membra
528 3419 559 3482 et
593 3420 733 3500 partes,‹
771 3437 866 3500 quare
901 3419 1121 3488 Florentiutua
1157 3424 1302 3505 scribit⁶)

44 3528 234 3597 >sciendum
261 3575 320 3591 ...
345 3523 425 3606 quod
448 3523 527 3588 forte
551 3522 644 3587 alicui
668 3522 846 3588 incredibile
871 3523 1035 3604 videbitur,
1061 3526 1218 3594 hominem
1242 3548 1300 3594 oon

41 3637 135 3702 male
158 3634 243 3698 inter
266 3628 393 3710 ovipara
415 3627 562 3693 animalia
582 3627 794 3692 connumerari
817 3627 921 3711 aliquo
944 3628 1035 3695 modo
1058 3648 1173 3714 possa<

157 3739 189 3802 6.
209 3733 399 3816 antiquatae
416 3733 567 3816 postremo
583 3750 606 3795 s.
625 3731 760 3796 Thomas
777 3729 814 3795 do
830 3731 982 3796 inlusione
998 3733 1120 3800 animae
1138 3737 1302 3804 rationalis

1 3919 2 3928 ,
41 3848 73 3910 in
97 3859 220 3926 eorpus
241 3836 413 3903 sententiae
436 3836 624 3902 auctoritate
647 3836 830 3918 argumento
850 3835 907 3912 nti,
929 3836 1075 3918 quoniam
1099 3839 1165 3903 eins
1186 3840 1302 3907 doctri·

42 3969 122 4014 nam
150 3949 313 4026 tamquam
338 3958 440 4005 veram
468 3943 500 4005 et
527 3939 709 4006 catholicam
742 3936 890 4021 sectarii)
919 3938 989 4003 tuto
1019 3940 1095 4022 pede
1127 3959 1299 4026 possumus,

163 4163 191 4234 l)
210 4163 296 4218 Flor.
314 4160 332 4216 l
350 4160 428 4216 modo
444 4175 465 4213 c.
484 4175 509 4214 n.
528 4158 552 4214 3.

161 4251 192 4320 2)
209 4251 228 4305 l.
248 4247 327 4304 modo
346 4265 368 4302 o.
387 4264 413 4301 n.
434 4245 475 4302 18.

161 4339 188 4404 Β)
206 4337 240 4392 In
257 4335 341 4390 libro:
359 4351 393 4388 an
414 4332 484 4404 qnod
500 4333 528 4388 in
547 4335 623 4388 utero
642 4335 683 4386 est
701 4330 806 4386 animan
825 4347 846 4386 o.
864 4329 881 4384 4
902 4333 930 4386 et
949 4333 974 4387 5.

161 4425 191 4492 l)
208 4422 244 4478 cl.
264 4425 297 4478 Α.
315 4423 362 4485 Id..
381 4421 400 4477 l.
417 4437 439 4476 o.
454 4437 516 4492 pag.
535 4419 594 4475 192.

162 4509 191 4578 5)
208 4508 346 4564 Animalia
363 4507 501 4562 inlusoria

162 4595 192 4666 6)
210 4598 229 4653 1.
247 4611 268 4651 e.
289 4593 356 4666 disp.
375 4594 396 4650 1.
418 4597 483 4650 sect.
505 4591 571 4648 Ln.
591 4591 631 4647 11.

161 4686 192 4756 ⁷)
211 4682 293 4738 Bulla
315 4683 432 4738 Urbani
453 4682 467 4735 l
477 4681 504 4737 V.
524 4677 628 4734 »Verbo
647 4678 724 4735 Dei«
