3142 5204
472 325 618 382 Βαῆοικι
637 325 858 397 speculatione.
1243 303 1284 372 27

31 501 169 566 animam
209 498 394 564 sensitivam
429 500 460 562 et
494 497 691 576 rationalem,
724 499 779 562 ant
811 496 844 582 b)
876 497 1084 580 corrumpitur
1118 499 1149 561 et
1178 496 1287 562 deinde

7 635 8 644 ι
32 605 244 687 subsequitur
266 603 372 668 anima
394 602 542 668 sensitiva
565 604 596 668 et
619 605 726 685 postea
748 602 920 668 rationalis.

133 714 175 792 a)
200 708 345 772 Primum
369 707 417 772 est
438 706 627 790 impossibile
651 708 684 771 et
707 706 829 772 videtur
849 708 952 771 lavere
973 706 1078 782 falsae,
1102 725 1180 790 quae
1197 725 1286 771 voea-

33 819 76 879 tur
101 811 346 889 Darviuismns,
371 811 538 876 doetrinae.
572 809 754 876 Differentia
778 810 869 887 enim,
894 829 972 893 quae
993 815 1040 876 est
1055 810 1136 876 iuter
1152 809 1286 875 animam

33 918 259 1001 vegetatIvam
282 953 324 964 -
348 913 440 980 siouti
464 936 490 980 v.
514 934 544 999 g.
574 915 605 978 in
629 915 737 1000 planta
757 952 799 962 -
823 919 854 980 et
877 915 1056 980 sensitivam
1081 951 1122 962 -
1145 933 1174 979 v.
1199 933 1229 998 g.
1255 915 1287 978 in

34 1024 142 1088 bestiis
176 1057 214 1070 -
242 1021 275 1085 et
289 1020 484 1098 rationalem,
508 1019 555 1086 est
576 1019 760 1097 essentialis,
783 1039 842 1083 uon
862 1019 1098 1097 accidentalis1)
1122 1038 1219 1102 neque
1235 1037 1288 1102 po-

34 1133 89 1193 test
113 1126 299 1210 quidquam
323 1144 342 1190 a
364 1143 505 1190 subesse
529 1124 649 1190 traduci
670 1123 703 1187 iu
726 1124 810 1188 alind
827 1143 892 1190 esse
910 1124 1118 1190 essentialiter
1134 1123 1287 1188 differens.

137 1229 179 1316 b)
203 1230 348 1295 Alteram
371 1229 556 1294 sententiam
579 1228 742 1294 detentere
766 1228 889 1294 videtur
911 1248 935 1294 s.
960 1227 1114 1305 Thomas,
1138 1231 1289 1311 utsupra

6 1401 7 1406 ,
34 1339 89 1400 iarn
118 1335 338 1410 dictumest,
370 1334 428 1398 etsi
452 1333 558 1398 doetor
580 1332 738 1414 angelinus
762 1353 820 1396 non
845 1332 1031 1398 determinat
1058 1333 1198 1416 tempus,
1228 1351 1289 1416 quo

35 1442 114 1506 cedit
141 1459 212 1503 uua
234 1439 337 1503 anima
360 1440 392 1502 et
414 1437 552 1521 sequitur
576 1436 684 1503 altera.
715 1437 774 1501 Sed
795 1437 831 1513 si,
855 1439 891 1502 ut
915 1437 1049 1519 ponitur,
1073 1437 1176 1502 anima
1195 1437 1288 1514 cedit,

35 1546 184 1629 seqnitur
208 1544 241 1608 in
264 1543 406 1608 omuibus
430 1542 506 1606 vivis
531 1561 611 1605 mors
628 1559 686 1606 uon
706 1541 817 1626 vital).
842 1541 875 1606 Si
890 1545 996 1606 autem
1012 1541 1134 1620 dixeris,
1155 1543 1287 1606 mentem

37 1671 99 1715 esse
127 1669 157 1716 s.
184 1647 333 1723 Tbomae,
360 1645 490 1712 formam
516 1646 618 1710 minus
640 1645 807 1728 perlectam
831 1682 874 1692 —
897 1665 923 1710 e.
947 1665 977 1730 g.
1001 1646 1136 1710 animam
1161 1647 1288 1729 vegeta-

38 1755 138 1820 tivam
167 1790 210 1800 -
234 1771 289 1835 per
309 1751 437 1815 termam
462 1750 618 1816 meliorem
642 1787 680 1796 —
705 1769 731 1814 v.
754 1770 783 1834 g.
808 1749 942 1815 animam
967 1750 1144 1816 sensitivam
1172 1787 1208 1798 -
1234 1769 1289 1814 na·

37 1859 133 1924 turali
170 1875 335 1940 progressu
367 1855 573 1938 generationis
604 1856 793 1938 compensari
822 1856 855 1920 et
878 1855 1017 1934 restibui,
1050 1855 1107 1920 hoo
1140 1853 1226 1920 eadit
1258 1854 1287 1918 iu

39 1960 342 2027 Iraduoiuuismnm
364 1959 485 2024 animae
510 1958 598 2025 modo
622 1959 800 2026 refutatum.

149 2063 270 2130 Deinde
301 2062 607 2128 animadvertendum
638 2065 703 2140 esi,
737 2063 871 2127 anImem
904 2064 1113 2147 vegetativam
1141 2064 1234 2128 siouti
1258 2065 1291 2129 et

38 2170 227 2238 sensitivam
254 2187 311 2234 non
335 2167 441 2232 oedere
463 2187 497 2232 er
514 2185 637 2250 corpore
653 2186 707 2232 suo
722 2168 774 2232 sed
791 2167 944 2251 corrumpi
960 2169 1053 2232 simul
1070 2187 1138 2232 euun
1155 2170 1288 2251 eorpori-

39 2280 105 2354 bus,
133 2293 216 2358 qnae
233 2272 277 2337 eis
294 2272 480 2338 animantur.
506 2271 670 2336 Praeterea
688 2273 720 2336 et
736 2272 818 2336 valet
834 2271 912 2336 illud
928 2271 1120 2339 florentinii
1129 2275 1175 2353 8).·
1202 2273 1288 2338 »Hoo

42 2385 151 2448 eutem
175 2415 220 2426 —-
244 2376 351 2442 cedere
371 2377 391 2440 i.
415 2395 440 2440 e.
464 2375 617 2458 eorrumpi
641 2376 775 2440 animam
801 2377 1008 2460 vegetativam
1040 2379 1072 2441 et
1102 2377 1188 2461 sequi
1218 2395 1288 2442 seu-

42 2487 173 2551 sitivam
199 2517 240 2530 -·
265 2480 326 2546 diei
351 2499 409 2547 nou
430 2481 549 2563 potest;
573 2499 644 2544 narn
671 2479 755 2545 nulla
779 2481 875 2546 torma
892 2481 1108 2546 substantians
1124 2481 1170 2565 (et
1185 2482 1289 2546 anima

43 2587 228 2674 vegetativa
250 2587 281 2651 et
304 2585 452 2650 sensitiva
474 2587 546 2649 sunt
568 2585 665 2650 torma
680 2585 896 2650 substantialis
912 2587 1089 2669 plantarum
1107 2586 1154 2652 vel
1174 2585 1288 2652 bestie·

42 2695 125 2776 mm)
151 2691 360 2774 corrumpitur
376 2691 407 2753 in
424 2689 565 2765 materia,
588 2689 648 2753 nisi
665 2689 880 2772 dispositiones
896 2690 1035 2774 propriae
1054 2692 1290 2773 corrumpantur

41 2819 57 2862 a
78 2795 340 2880 dispositionibus
363 2794 525 2860 contrariis
548 2792 666 2859 formae
689 2794 963 2877 incompossibilis:
993 2796 1046 2860 sed
1073 2794 1288 2879 dispositiones

41 2899 287 2986 praerequisiiae
311 2898 347 2962 ad
373 2898 506 2963 animam
532 2897 713 2963 rationalem
738 2918 797 2964 nou
820 2901 894 2964 sunt
926 2899 989 2964 illis
1024 2900 1196 2965 contrariae
1227 2900 1290 2964 imo

42 3005 271 3080 eonveuIentes,
295 3004 367 3086 qnia
390 3001 492 3066 anima
511 3002 670 3068 rationalis
686 3002 761 3086 ipsis
777 3003 908 3088 indiget,
931 3008 967 3070 nt
983 3005 1103 3070 nutriat
1118 3007 1149 3070 et
1164 3003 1289 3069 sentiat.

43 3113 138 3195 llrgo,
173 3109 199 3173 si
224 3107 298 3175 illae
320 3107 451 3183 adsunt,
487 3127 505 3170 a
539 3107 627 3173 initio
655 3107 846 3172 formationis
881 3109 971 3174 adest
992 3109 1087 3174 etiam
1112 3109 1216 3174 auimo
1239 3128 1289 3173 ra·

43 3214 172 3282 tioualis
196 3211 322 3277 abillis
346 3231 405 3276 uon
429 3211 605 3276 distincta«

149 3318 284 3382 Domum
306 3315 332 3380 si
353 3315 454 3380 foetus
477 3316 667 3381 animaretur
696 3317 794 3400 primo
823 3317 926 3382 anime
954 3318 1149 3402 vegetatus,
1180 3317 1290 3382 deinde

43 3422 194 3489 sensitiva
217 3423 250 3486 et
272 3421 435 3504 postremo
449 3419 604 3497 rationali,
629 3423 828 3504 generaretur
851 3423 890 3487 ab
908 3422 1030 3488 bomine
1054 3441 1112 3488 non
1129 3422 1220 3487 bomo
1236 3422 1288 3486 sed

43 3528 163 3610 planta,
185 3541 264 3609 qnae
285 3543 448 3608 progressu
474 3524 607 3589 naturali
630 3525 720 3590 fieret
735 3525 836 3591 bestia
851 3529 883 3592 et
900 3527 1001 3593 borno.
1033 3527 1114 3592 Nam
1130 3526 1289 3610 generatio

4 3617 5 3636 ³
42 3631 203 3716 signifieat
228 3665 264 3678 -
289 3629 321 3694 iu
345 3628 520 3694 viventibus
544 3667 584 3676 —
606 3629 757 3712 originem
780 3631 912 3696 alienius
935 3633 1066 3698 viventis
1095 3651 1113 3697 a
1143 3630 1291 3716 principio

44 3737 168 3802 vivente
191 3733 355 3817 eonjuneto
373 3734 406 3796 in
429 3732 665 3798 similitudinem
690 3735 868 3818 generantis
880 3737 917 3819 ⁴).

153 3837 261 3905 eddo:
286 3857 346 3903 uon
367 3839 489 3920 oportet
511 3837 667 3920 postulare
683 3838 863 3920 pluritatem
879 3841 1056 3917 formarum,
1082 3840 1135 3904 ubi
1148 3859 1210 3904 una
1227 3838 1292 3902 sul·

4 3991 5 4016 ,
46 3944 157 4024 reim).
204 3941 302 4007 Sienti
324 3942 406 4006 inter
428 3941 523 4006 vitam
548 3961 607 4006 una
632 3941 738 4020 forma,
762 3942 783 4008 i.
807 3961 833 4007 e.
857 3943 962 4007 anima
984 3944 1157 4021 rationalis,
1182 3943 1291 4008 tunda-

47 4051 185 4112 mentum
209 4048 240 4110 et
263 4045 446 4130 principium
471 4048 519 4110 est
542 4046 678 4111 omnium
699 4046 910 4127 operationum
935 4049 965 4110 in
990 4047 1114 4112 humide
1135 4065 1287 4130 apparen-

152 4257 177 4326 1)
200 4257 412 4326 Copatlmanu,
431 4255 464 4309 de
482 4255 559 4310 oecis.
581 4255 668 4311 foetus
687 4261 738 4310 eto.
756 4271 820 4326 pag.
838 4255 880 4311 16.
899 4259 971 4310 nota.

150 4345 178 4412 2)
195 4343 366 4412 Impossibile
385 4360 443 4398 esse
461 4343 553 4410 plures
570 4343 674 4397 animas
693 4343 774 4398 simul
793 4344 821 4397 in
839 4343 931 4398 eodem
949 4359 1058 4412 corpore
1076 4357 1134 4397 esse
1152 4342 1290 4397 refutatur

49 4449 67 4484 a.
90 4433 193 4486 Tuum.
212 4429 234 4485 1.
253 4446 278 4500 q.
296 4429 330 4485 26
348 4447 372 4484 ιι.
390 4429 415 4484 3.
433 4429 466 4484 ci.
486 4446 511 4500 q.
531 4430 581 4484 118
599 4447 615 4484 a
634 4430 658 4484 2.
677 4431 702 4486 2.
722 4433 749 4484 et
768 4427 870 4485 Gouoil.
890 4430 966 4486 VIII.
985 4446 1006 4484 o.
1026 4429 1076 4485 XI.

152 4515 179 4584 3)
197 4517 216 4572 l.
235 4533 256 4570 c.
275 4516 297 4571 1.
317 4516 385 4586 disp.
403 4515 456 4570 III.
475 4532 538 4587 pag.
557 4515 599 4571 26.
1019 4530 1022 4536 ·

151 4603 178 4672 4)
197 4620 219 4658 s.
241 4605 354 4670 Tbom,
371 4603 390 4658 l.
408 4619 430 4658 o.
452 4604 465 4657 l
485 4620 510 4673 q.
531 4603 564 4656 27
583 4619 599 4658 a
617 4603 643 4658 2.
664 4607 691 4658 et
709 4607 803 4660 eontra
822 4604 1024 4663 Gurbita.
1043 4606 1085 4662 22

153 4689 180 4752 bl
199 4689 231 4744 oi.
250 4691 395 4758 Floreat,
414 4691 432 4746 1.
449 4706 471 4748 a
490 4690 558 4758 disp.
578 4691 602 4745 1.
619 4707 642 4756 e,
662 4691 714 4748 111.
733 4708 759 4747 ιι.
781 4693 813 4748 12
833 4692 925 4748 indue.
