3142 5204
274 313 298 378 ³6
468 331 682 398 Hetdcnrer'cb,
703 331 781 388 Diae.
800 335 835 387 in
853 347 915 389 cus.
933 333 988 387 atr.
1005 335 1101 387 conat.
1123 330 1228 400 Δροσί.
1246 329 1343 386 Sedis.

279 503 434 571 adiutoria
456 504 487 568 id
509 503 687 590 perficiundi
709 506 830 589 publice
852 507 963 573 docent
985 509 1017 572 et
1039 505 1265 571 commendant.
1311 505 1392 570 Raro
1414 506 1526 570 autem

275 608 322 687 nt,
345 611 383 675 ut
403 611 450 674 ita
473 610 505 674 in
528 610 651 694 publico
673 610 889 677 committatur
912 611 991 676 illud
1011 611 1136 688 crimen,
1161 613 1196 675 ut
1212 609 1362 692 supplicio
1378 609 1528 692 legitimo

278 713 381 797 puniri
405 716 510 797 possit.

380 818 537 902 Imprimis
568 821 670 886 autem
704 821 783 886 hanc
805 821 906 886 lucem
932 821 1012 904 apud
1037 819 1228 885 habitatores
1252 818 1373 884 urbium
1398 817 1526 883 effemi-

276 923 365 988 natos
392 923 498 1007 vigere
530 927 560 988 et
585 924 616 989 in
648 924 714 989 dies
736 925 805 1008 plus
832 925 1014 990 inerementi
1042 943 1151 1007 capere
1174 925 1302 1006 apparet
1326 942 1360 987 en
1384 923 1466 987 notis
1490 923 1526 985 in

276 1027 525 1110 ephemeridibus
548 1047 628 1094 nnnc
650 1030 797 1112 temporis
820 1030 850 1093 in
875 1030 974 1095 lucem
998 1028 1107 1106 editis,
1137 1047 1207 1093 cum
1234 1027 1288 1092 Dei
1312 1029 1416 1111 gratia
1440 1027 1528 1092 ruri-

276 1132 361 1198 colae
384 1152 452 1198 earn
473 1132 654 1216 plerumque
677 1133 825 1201 nesciant.

380 1245 409 1312 6.
444 1243 553 1310 Obiter
576 1245 759 1312 adnotamus
782 1247 813 1312 in
837 1247 978 1312 domibus
1000 1246 1161 1312 mulierum
1188 1245 1358 1310 Turcarum
1376 1245 1525 1310 abortum

278 1348 520 1432 omnitempore
543 1350 648 1434 vigere
670 1352 763 1435 atque
787 1351 894 1417 florere
916 1355 949 1418 et
973 1350 1142 1434 perpetrari
1166 1371 1220 1433 per
1241 1351 1389 1416 ioemiuas
1411 1349 1470 1414 hac
1493 1369 1529 1412 re

280 1452 420 1520 eruditas
443 1455 534 1520 etad
558 1455 783 1537 procurandum
806 1457 993 1522 constitutas
1007 1456 1040 1540 ¹).

506 1639 646 1706 Abortae
668 1640 703 1704 in
725 1646 792 1706 arte
813 1640 935 1706 medica
958 1641 1109 1706 dieterico
1130 1641 1286 1724 synopsis.

381 1777 409 1841 1.
434 1777 667 1860 Antiquissimis
690 1779 751 1841 iarn
775 1780 964 1862 temporibus
988 1780 1098 1844 abortu
1120 1781 1152 1844 in
1167 1782 1234 1844 arte
1251 1777 1371 1842 medica
1388 1775 1530 1841 remedio

277 1880 449 1946 obstetricii
474 1881 586 1946 medici
610 1882 778 1947 utebantur
801 1884 892 1966 idque
913 1902 1058 1966 persaepe
1079 1903 1114 1948 ex
1129 1883 1231 1948 causis
1249 1881 1416 1956 vilissimis,
1440 1879 1529 1963 quod

276 1985 335 2049 etsi
360 1985 549 2068 querendum
574 1987 677 2051 tamen
703 2005 762 2052 non
786 1987 971 2054 mirandum.
1008 1987 1138 2053 Constat
1161 1987 1241 2052 euim
1266 1985 1347 2068 apud
1367 1985 1529 2050 Romanos

276 2108 305 2153 v.
319 2108 349 2171 g.
374 2089 491 2155 foetum
513 2089 754 2174 interpretatum
780 2091 873 2157 tuisse
899 2091 1087 2175 »portionem
1109 2092 1263 2156 viseerum
1280 2088 1443 2171 metris²)‹
1471 2089 1531 2170 qni

276 2193 308 2258 in
331 2194 419 2258 utero
439 2195 487 2258 est
509 2193 636 2278 perinde
659 2215 695 2261 eo
718 2195 744 2258 si
767 2196 798 2261 in
824 2196 913 2260 rebus
938 2195 1081 2261 trumonis
1097 2196 1187 2272 esset,
1212 2194 1385 2259 custoditur
1400 2193 1530 2275 quoties

278 2297 316 2362 de
347 2298 515 2363 commodis
541 2298 638 2381 ipsius
668 2302 755 2366 artus
784 2301 952 2384 quaeritur.
997 2299 1069 2366 dam
1094 2300 1297 2381 Hippocrates
1324 2297 1530 2363 commendat

280 2421 340 2468 non
363 2403 480 2481 solum,
515 2406 667 2487 utsupra
691 2405 840 2482 vidimus,
877 2404 1076 2469 libidinosum
1110 2405 1164 2469 scd
1198 2403 1291 2470 etiarn
1326 2401 1527 2468 artificialem

279 2507 422 2572 abortum
453 2507 538 2573 varia
567 2527 636 2573 enm
671 2509 854 2592 provocandi
890 2509 992 2574 media
1026 2509 1163 2574 afferens.
1222 2509 1300 2572 ltem
1336 2507 1486 2572 Moobe’on
1500 2505 1527 2588 3)

278 2612 381 2676 aetate
405 2611 568 2676 Hadriani.
603 2611 640 2677 In
663 2612 742 2678 libro
765 2613 868 2691 Aetii,
892 2617 945 2697 qui
968 2614 1149 2679 inscribitur
1171 2611 1418 2688 ›tetrabiblios«,
1443 2630 1524 2674 enu-

278 2717 436 2781 merantur
459 2735 477 2780 a
494 2717 646 2800 magistra
663 2717 794 2801 Aspasia
811 2719 965 2802 permulta
981 2720 1124 2783 abortum
1142 2717 1326 2801 provocandi
1342 2715 1528 2796 remedia4),

280 2820 326 2886 »si
348 2820 460 2885 mulier
483 2820 523 2884 ad
547 2820 737 2905 gignendum
757 2821 873 2888 foetum
894 2824 999 2906 inepta
1022 2825 1098 2891 est«
1135 2822 1245 2887 Aetius
1271 2823 1336 2906 ipse
1358 2819 1528 2901 scribite:

252 2983 255 2990 ,
280 2924 449 3008 »quaedem
473 2925 628 3004 mulieres,
652 2927 774 2991 etiamsi
798 2927 981 3010 concipiant,
1005 2928 1036 2990 in
1061 2930 1152 3010 partu
1174 2929 1276 2992 tamen
1294 2925 1531 3010 periclitantur,

277 3029 341 3095 sive
364 3030 403 3095 ob
427 3029 508 3094 nteri
531 3029 729 3112 parvitatem,
753 3031 816 3096 sive
839 3031 877 3096 ob
898 3030 970 3096 colli
985 3030 1123 3113 ejusdem
1141 3031 1329 3114 angustiam,
1351 3031 1445 3110 atque
1466 3029 1531 3093 bae

277 3153 349 3200 sane
372 3133 488 3217 optime
511 3134 651 3212 fecerint,
672 3135 698 3199 si
719 3153 737 3200 a
759 3138 848 3218 partu
872 3135 995 3201 omnino
1019 3135 1166 3201 caverint.
1200 3136 1242 3200 At
1263 3135 1288 3199 si
1316 3133 1530 3214 conceperint,

277 3239 377 3304 satius
400 3241 448 3304 est
469 3239 586 3304 foetum
610 3258 833 3323 corrumpere«

380 3353 410 3418 2.
449 3353 705 3418 Percrebeseente
739 3354 844 3418 autern
879 3353 1020 3418 doctrina
1055 3352 1227 3418 christiana
1259 3353 1384 3435 publica
1410 3353 1530 3417 saitem

276 3457 503 3524 commendatio
524 3459 556 3522 et
578 3457 801 3523 demonstratio
821 3459 947 3523 abortus
971 3458 1106 3522 evanuit.
1137 3457 1230 3540 Apud
1255 3458 1374 3522 uranos
1396 3457 1531 3522 tanturn

175 3607 176 3612 .
277 3562 403 3648 vigebat
418 3561 520 3646 praxis
537 3563 639 3628 taetra
655 3562 790 3628 abortus.
828 3562 945 3627 Rhazes
959 3563 990 3626 in
1008 3563 1087 3628 libro
1104 3563 1300 3648 Helonevyr)
1316 3564 1348 3628 et
1362 3561 1533 3628 Anieenna

276 3666 412 3750 (saeculo
424 3667 478 3745 Χ.)
502 3667 643 3732 abortum
665 3666 793 3732 medicis
816 3667 956 3746 suadent,
988 3686 1077 3732 »curn
1102 3668 1205 3751 puella
1228 3687 1323 3750 parva
1345 3668 1402 3739 est,
1429 3686 1533 3750 supra

277 3790 369 3854 quam
393 3770 523 3836 timetur
546 3789 628 3837 mors
651 3791 686 3836 er
708 3773 818 3855 partu«
845 3772 1008 3854 permultis
1032 3772 1186 3836 remediis.
1228 3773 1308 3838 item
1333 3772 1432 3837 denus
1459 3772 1532 3838 Da-

278 3893 440 3940 mascenus
463 3876 607 3959 proponit
629 3874 779 3955 medium,
815 3895 875 3959 quo
898 3878 1020 3958 recepto
1051 3877 1176 3959 embryo
1200 3876 1372 3953 descendit,
1394 3875 1458 3940 sive
1483 3879 1533 3944 sit

381 4083 408 4152 1)
428 4084 528 4147 scone,
546 4085 696 4142 Haudbuob
716 4087 763 4142 der
781 4086 1030 4152 Pastoralmedicin,
1052 4087 1187 4158 Freiburg
1207 4087 1281 4151 1878,
1302 4105 1326 4156 p.
1343 4088 1403 4142 303.

380 4168 407 4238 2)
427 4171 458 4225 ir.
477 4173 502 4226 7.
521 4172 553 4226 D.
573 4172 607 4227 de
624 4175 690 4227 stat.
709 4174 779 4228 hom.
799 4176 822 4228 l.
841 4175 865 4228 5.

380 4256 409 4324 3)
426 4257 590 4314 Moschionis
609 4277 650 4328 op.
669 4259 710 4315 ed.
730 4260 759 4315 F.
779 4260 809 4316 0.
829 4261 939 4314 Dervea.
961 4260 1081 4316 Viennae
1099 4260 1174 4315 1793.

379 4342 407 4411 4)
425 4343 499 4399 nerii
517 4345 614 4401 medici
633 4347 723 4418 graeei
741 4347 806 4402 libri
824 4350 874 4402 etc.
892 4363 939 4416 per
954 4346 980 4402 J.
1002 4345 1161 4402 cordarium
1178 4345 1332 4416 conscripti.
1356 4346 1431 4402 Basil
1449 4347 1533 4406 1542.

278 4429 304 4484 S·
325 4429 534 4583 va)efgen}8
547 4517 620 4573 nesii
648 4517 745 4574 medici
765 4512 855 4589 graeci
873 4521 1028 4574 contractae
1049 4535 1079 4574 ex
1099 4519 1234 4574 veteribus
1253 4518 1534 4590 medicinae,“Lngd.

278 4603 354 4669 1549,
372 4605 587 4759 ζξὶίινῡάεν,
605 4690 747 4746 Lehrbnoh
763 4691 810 4746 der
828 4689 1023 4755 Gebnrtshilfe,
1042 4691 1065 4745 6.
1085 4690 1163 4756 And„
1194 4693 1271 4750 Bnnn
1288 4691 1362 4757 isso,
1385 4710 1446 4763 pag.
1465 4693 1534 4752 244.
