3142 5204
258 323 301 402 44
445 355 656 420 Heldenretcb,
678 355 810 411 Diaeta
831 371 891 412 cor.
910 358 964 411 all.
983 359 1077 411 conat.
1095 353 1200 422 ripert.
1218 349 1313 407 Sedis.

368 526 433 591 Aut
453 526 622 610 periculum
649 527 834 610 granditate
857 526 1023 592 excitatum
1047 526 1109 590 iarn
1130 523 1368 607 procreasset:
1396 520 1515 605 quod-

264 649 394 714 cumque
416 632 519 696 autem
543 631 713 713 pericnlum
737 633 829 696 matri
853 629 1005 706 imminet,
1028 629 1171 694 imminet
1193 629 1226 694 et
1246 627 1369 693 intanti.
1408 623 1514 707 Quod

259 733 428 817 periculum
465 734 501 798 ut
534 737 732 812 amoveatur,
771 735 880 801 medici
917 733 1111 800 constituunt
1144 731 1364 816 graviditatem
1399 730 1515 794 inter·

259 856 416 920 rumpere,
430 893 432 900 .
447 855 500 921 epe
530 838 637 916 ducti,
675 839 755 919 iore,
786 841 823 905 ut
853 839 978 904 morbus
1006 835 1195 922 graviditate
1223 835 1327 902 amota
1353 851 1514 918 prospere

259 941 381 1008 eveniat
395 940 450 1027 1).«

364 1063 408 1128 llx
439 1065 528 1146 parte
558 1065 590 1129 et
619 1065 729 1130 matris
757 1067 788 1130 et
814 1063 983 1150 inlantis2)
1012 1081 1085 1147 ergo
1116 1061 1188 1127 oriri
1215 1060 1342 1143 possunt
1364 1059 1512 1125 circum·

261 1165 414 1243 stantiae,
440 1166 551 1250 quibus
574 1167 655 1251 exigi
676 1169 817 1244 videtur,
848 1172 883 1233 ut
903 1167 1121 1252 praevideatur
1143 1165 1239 1230 saluti
1260 1163 1370 1230 matris
1393 1163 1426 1228 et
1451 1164 1513 1228 in-

262 1271 360 1336 iantis
380 1271 490 1336 abortu
513 1272 561 1336 vel
584 1272 644 1337 alio
668 1273 766 1338 modo.
813 1273 907 1338 llstne
928 1290 1062 1354 unquam
1085 1270 1225 1348 licitum,
1254 1269 1396 1334 abortum
1424 1287 1512 1350 pro-

260 1393 367 1439 curare
397 1376 446 1440 vel
476 1375 680 1441 craniotomia
708 1377 802 1441 saluti
828 1376 937 1441 matris
960 1374 1145 1459 provideret
1188 1373 1359 1438 Videamus
1381 1371 1511 1456 itaque,

261 1477 334 1560 quid
358 1477 389 1542 in
412 1479 477 1543 tam
500 1478 612 1544 misero
634 1499 707 1546 oasa
730 1480 840 1547 modici
864 1479 1078 1564 pronuntient,
1100 1479 1358 1561 argumentoque,
1385 1476 1513 1559 quibus

260 1579 414 1658 nituntur,
437 1582 510 1666 quid
533 1583 666 1662 valeant,
692 1603 727 1648 er
750 1585 842 1649 certis
865 1603 901 1648 aa
924 1584 1003 1649 veris
1025 1581 1184 1666 principiis
1206 1581 1442 1664 perpendamus.

364 1703 523 1768 Adnotere
545 1704 645 1770 obiter
666 1704 761 1780 iurat,
782 1706 917 1772 medicos
934 1705 1125 1787 distinguere
1139 1703 1236 1769 solere
1252 1702 1404 1778 abortum,
1425 1721 1511 1784 par-

260 1805 327 1870 tum
350 1805 563 1883 immaturum,
586 1809 708 1890 partum
724 1811 952 1890 praematurum
965 1811 1001 1893 Β),
1026 1809 1072 1873 ita
1093 1810 1130 1873 ut
1151 1807 1332 1872 eiectionem
1354 1805 1404 1870 ovi
1430 1825 1509 1870 mn-

259 1908 364 1975 liebris
383 1911 559 1976 foecundati
581 1911 661 1976 inira
685 1913 798 1994 primas
830 1913 991 1978 duodecim
1026 1912 1073 1977 vel
1105 1911 1252 1978 tredecim
1289 1907 1512 1976 hebdomadas

262 2013 467 2095 conceptionis
501 2015 657 2096 appellent
689 2017 848 2093 abortum,
884 2016 1063 2082 eiectionem
1095 2017 1195 2082 loetus
1218 2014 1349 2080 aterlia
1377 2012 1514 2080 decima

260 2117 467 2200 conceptionis
491 2117 682 2186 hebdomada
705 2139 801 2203 usque
822 2120 859 2185 ad
876 2119 1168 2203 duodetrigesimum
1186 2115 1416 2185 hebdomadam
1429 2135 1511 2200 par-

261 2220 327 2284 tum
354 2219 574 2301 immaturum,
603 2223 783 2290 eiectionem
813 2226 917 2289 autem
941 2225 1073 2289 infantis
1094 2242 1129 2290 ex
1152 2224 1240 2288 utero
1262 2219 1371 2287 matris
1393 2221 1514 2303 elapsa

260 2321 322 2388 iam
359 2323 621 2409 duodetrigesima
652 2327 858 2410 conceptionis
887 2327 1079 2392 bebdomada
1108 2330 1232 2411 partum
1254 2324 1511 2409 praematurum.
1559 2365 1560 2368 =

263 2427 348 2508 Quod
365 2427 404 2492 ad
421 2431 542 2511 partum
560 2433 790 2511 praematurum
809 2432 932 2510 attinet,
957 2451 993 2497 er
1009 2449 1073 2498 sese
1089 2431 1226 2516 apparet,
1245 2449 1324 2506 eum,
1348 2428 1375 2494 si
1397 2447 1434 2493 er
1451 2449 1512 2494 ra·

261 2529 462 2598 tinnabilibns
478 2535 510 2597 et
526 2533 663 2599 honestis
679 2534 781 2600 causis
797 2538 1001 2618 perpetratur,
1024 2535 1117 2600 nullis
1136 2535 1215 2620 legis
1231 2532 1382 2599 naturalis
1401 2551 1511 2615 neque

262 2632 415 2720 hnmanae
447 2636 601 2717 prohiberi
630 2639 817 2722 praeceptis,
852 2639 932 2723 quod
964 2642 995 2704 el·
1023 2639 1163 2723 sequitur
1184 2658 1220 2703 er
1243 2638 1366 2703 decreto
1388 2635 1512 2701 Curiae

264 2736 420 2803 Romanae
444 2739 549 2805 elicito
572 2760 625 2823 per
648 2742 851 2825 professorem
875 2743 1117 2826 Neapolitanum
1134 2742 1240 2808 llinzio
1257 2741 1290 2808 in
1306 2739 1364 2806 tali
1379 2742 1511 2824 easu⁴).

261 2839 354 2904 Ratio
384 2845 451 2919 est,
484 2845 558 2925 quia
579 2863 615 2910 eo
637 2846 774 2928 tempore
796 2846 900 2912 infans
921 2847 983 2912 iam
1008 2849 1093 2914 extra
1115 2848 1237 2912 uterum
1263 2844 1372 2910 matris
1397 2843 1515 2910 visere

262 2945 372 3024 potest.
417 2945 584 3014 Sumamus
607 2951 720 3027 autem
745 2952 780 3015 ut
803 2951 865 3016 iam
889 2951 1133 3033 supradictum,
1158 2949 1302 3015 abortum
1317 2947 1514 3014 eiectionem

262 3046 362 3112 foetus
384 3048 444 3115 vivi
469 3069 504 3115 er
526 3052 635 3117 matris
658 3055 744 3118 utero
768 3056 920 3135 tempore,
958 3074 1017 3136 quo
1052 3055 1184 3138 nequeat
1216 3053 1339 3119 omnino
1367 3071 1430 3116 non
1455 3055 1515 3118 vel

262 3148 445 3236 difficillime
466 3155 596 3220 existere
620 3177 639 3220 a
661 3161 761 3222 matre
783 3159 931 3225 seclusus.
965 3157 1018 3226 Uti
1038 3177 1091 3240 per
1107 3177 1174 3224 sese
1189 3158 1329 3240 apparet,
1353 3154 1514 3234 rationes,

261 3254 372 3336 quibus
395 3257 520 3323 abortus
544 3259 726 3326 libidinosus
749 3262 923 3339 indicatur,
948 3263 1056 3327 valent
1077 3261 1170 3328 etiam
1197 3261 1229 3324 in
1255 3261 1398 3326 abortum
1423 3260 1515 3324 arti-

261 3356 393 3425 ficialem
417 3362 449 3427 et
471 3363 713 3432 crauiotomiam.
753 3363 814 3430 Sed
835 3385 904 3430 cum
921 3365 1055 3431 asseclae
1072 3365 1222 3431 eiusmodi
1236 3364 1269 3430 in
1284 3363 1377 3447 partu
1392 3382 1515 3445 opora-

260 3461 354 3528 tionis
376 3464 408 3528 id
433 3465 534 3532 minus
557 3468 604 3534 rel
626 3469 696 3552 plns
719 3470 851 3552 negent,
884 3469 1020 3553 aliasque
1043 3469 1195 3549 rationes,
1223 3467 1333 3551 quibus
1355 3466 1513 3534 abortum

261 3566 293 3630 et
315 3567 551 3636 craniotomiam
573 3572 621 3636 uti
650 3573 842 3655 operationes
865 3573 1060 3639 obstetricias
1084 3571 1188 3638 licitas
1211 3569 1373 3637 defendere
1394 3570 1515 3635 nitun-

259 3670 320 3747 tur,
342 3671 483 3754 afferant,
508 3674 616 3758 liquet,
640 3695 694 3742 uos
718 3676 776 3742 hoc
797 3676 828 3740 iu
853 3677 954 3757 capite
977 3676 1131 3759 imprimis
1153 3677 1186 3741 in
1208 3673 1432 3758 perpendendis
1453 3677 1515 3742 ta-

260 3772 342 3837 libus
364 3775 539 3846 ,rationibus
562 3779 706 3845 insudare
727 3779 845 3846 debere.
892 3781 935 3844 Er
968 3779 1027 3846 tali
1059 3778 1282 3845 deliberatione
1312 3779 1516 3845 emanabunt

260 3877 452 3960 operationes
474 3882 671 3948 obstetriciae
694 3883 816 3968 legibus
840 3883 1009 3950 moralibus
1030 3885 1263 3950 consentaneae.

364 4120 389 4192 1)
411 4123 555 4191 Horwtta,
578 4127 740 4182 Klinstliohe
758 4126 933 4198 Frlilrgeburt
950 4125 1006 4180 und
1025 4125 1153 4182 Abortae.
1181 4124 1282 4182 (tiaran
1300 4125 1376 4192 1881,
1394 4142 1460 4196 pag.
1484 4129 1512 4186 l.

361 4229 388 4297 2)
411 4231 580 4300 Debrepne,
607 4232 626 4286 l.
646 4248 666 4285 e.
685 4231 736 4286 ΙΙΙ.
756 4231 842 4301 partie
861 4231 919 4300 obp.
939 4231 974 4287 ll.
1001 4231 1026 4298 fl.
1045 4231 1099 4295 VI,
1117 4247 1144 4298 p.
1166 4229 1234 4285 261:
1261 4229 1437 4300 l'bydrcpisie
1455 4232 1511 4288 ab·

259 4315 403 4381 daminois,
420 4316 594 4387 l'hydropisie
612 4317 733 4374 otre'bale
752 4334 785 4372 ou
803 4317 1034 4386 l’hydrocephalie
1052 4319 1104 4373 eto.

359 4421 388 4488 3)
406 4421 454 4475 Dr.
475 4419 692 4490 depellendam,
722 4420 755 4475 de
773 4419 903 4476 occisione
921 4421 1024 4488 foetus,
1053 4419 1162 4477 Aaehen
1181 4421 1321 4490 1875311.
1340 4421 1375 4478 22
1400 4424 1428 4476 et
1452 4422 1509 4480 Dr.

265 4505 416 4570 Vtcrordt‚
436 4508 455 4562 l.
473 4524 493 4562 c.
513 4507 655 4576 pag.2592,
672 4524 699 4561 n.
719 4507 778 4562 585.

364 4609 445 4680 altos.
464 4611 610 4676 Horwtla,
627 4610 686 4680 lego.
704 4627 731 4680 p.
750 4610 791 4665 69.
