3142 5204
214 367 222 380 .
343 319 478 374 Abortae
496 317 673 388 artificialis
692 323 722 376 et
741 321 961 376 erausotomea.
1230 305 1269 369 61

31 493 168 570 nudum,
191 492 325 556 minime
348 511 417 556 vero
439 491 580 575 regulam
603 492 779 557 huiusmodi
802 491 943 557 absolute
958 491 1083 558 admitti
1100 511 1197 576 posse,
1219 495 1272 559 nbi

33 599 56 660 ie
89 598 176 662 bono
217 614 304 661 mere
341 597 502 680 temporali
545 615 726 680 quocunqne
765 595 971 662 conservando
1016 599 1071 662 eut
1107 597 1273 663 obtinendo

17 703 204 784 regeretur«

16 819 17 852 ³
123 821 413 906 Praetereaque,
444 819 603 904 principiis
634 821 835 887 Utilitatisrni
862 823 1045 905 assumptis,
1078 823 1201 887 senibus
1223 825 1269 888 in·

31 927 136 1002 firmis,
170 927 281 990 mente
304 926 417 1008 captis,
447 924 553 989 liberis
576 924 668 988 nimis
691 925 861 990 numerosis
884 926 943 990 ete.
968 925 1149 1010 contingat,
1180 927 1270 991 iacile

30 1029 152 1094 divinari
176 1030 295 1112 potest.
329 1029 496 1107 Postremo,
521 1031 553 1093 et
575 1028 683 1093 sinon
707 1029 881 1111 negandum
898 1029 994 1094 sitam
1011 1030 1272 1095 matrisfamiliae

30 1135 123 1216 ungui
165 1132 324 1198 momenti
355 1151 439 1210 esse,
475 1135 579 1197 tamen
613 1132 775 1197 dicendum
813 1152 871 1197 non
904 1133 1027 1197 omnino
1057 1135 1271 1200 necessariam.

16 1238 114 1314 lddn,
149 1236 238 1320 quod
262 1235 343 1300 elius
366 1236 490 1301 morbus
513 1235 650 1300 familiae
675 1238 807 1300 matrem
832 1235 947 1319 eripere
971 1239 1087 1318 potest,
1108 1238 1182 1322 quin
1204 1239 1271 1321 quis

28 1341 111 1418 dicet,
135 1341 237 1404 licere
261 1358 340 1416 eum,
360 1340 387 1403 si
410 1339 554 1422 possibile
574 1341 664 1418 esset,
689 1339 854 1404 homicidio
877 1340 998 1406 salvere
1012 1341 1046 1425 ¹).

33 1533 99 1596 lna
125 1531 322 1596 ostiarium
345 1530 474 1610 collisio,
498 1551 593 1613 eoque
615 1529 821 1596 nihilominus
842 1531 993 1609 admissu,
1018 1551 1082 1597 oon
1098 1533 1262 1613 praevalet

554 1634 606 1700 ius
628 1635 751 1700 matris.

126 1773 249 1837 >quta
266 1773 405 1837 auctores
416 1774 440 1855 ²)
465 1773 615 1838 maximae
632 1774 732 1850 notae,
753 1774 805 1856 qni
822 1772 859 1838 de
878 1773 945 1839 iure
961 1771 1095 1838 naturali
1111 1773 1270 1855 scripsero,

31 1879 200 1960 ubicunqne
227 1876 360 1942 occurrit
381 1895 487 1960 pugne
510 1876 624 1940 inuium
646 1877 694 1940 ius
717 1877 827 1944 fortius
851 1879 898 1942 est
921 1876 1155 1962 praeterendum
1175 1878 1270 1960 Atqui

31 2004 49 2044 ‚u
70 2001 161 2060 casu,
190 1981 231 2044 de
254 1997 313 2064 quo
336 1980 451 2063 agitur,
475 1979 580 2045 existit
603 2000 707 2065 pugna
734 1981 815 2046 iuter
839 1981 907 2046 iura
933 1981 1042 2046 matris
1072 1982 1104 2045 et
1133 1981 1270 2047 infantis.

32 2087 98 2170 lrgo
121 2086 195 2150 vita
218 2082 305 2148 illins
329 2085 376 2148 est
400 2084 608 2167 praeferenda,
630 2086 662 2148 in
686 2087 773 2150 cuins
797 2086 930 2149 levorem
953 2085 1071 2168 pugnat
1085 2085 1134 2149 ius
1151 2086 1269 2151 lortius.

33 2189 111 2255 Porro
136 2190 193 2253 ius
216 2187 327 2252 fortius
350 2190 414 2252 stat
438 2208 491 2272 pro
515 2190 631 2266 matre,
664 2189 776 2272 quippe
805 2208 883 2271 quae
913 2206 983 2252 curn
1012 2187 1118 2254 ordine
1141 2190 1270 2253 naturae

33 2294 118 2378 nugis
146 2290 350 2357 connectitur
371 2292 403 2355 in
423 2292 549 2374 ipsoque
572 2291 714 2357 altiorem
737 2291 837 2356 locum
859 2294 998 2374 occupet.
1038 2291 1119 2375 Ergo
1141 2293 1172 2356 in
1197 2311 1269 2356 casu

31 2401 116 2461 nater
143 2395 351 2479 praeterendo
375 2396 422 2459 est
445 2394 522 2472 filio,
560 2414 651 2476 quem
685 2398 845 2478 propterea
881 2394 1018 2460 occidere
1048 2395 1124 2460 licet
1154 2396 1190 2459 ut
1214 2395 1269 2460 ilia

30 2505 175 2566 ¹erretur.
202 2547 261 2564 ...
287 2498 336 2562 Ad
360 2499 524 2563 llaiorem:
547 2499 638 2563 quta
661 2502 800 2565 auctores
823 2499 995 2582 ubicunque
1015 2497 1149 2563 occurrit
1166 2518 1268 2584 pugne

32 2605 136 2669 allisio
160 2602 281 2667 iurinm
298 2601 345 2666 ins
362 2603 471 2667 lortius
488 2605 535 2668 eet
554 2601 807 2685 praeferendum
833 2602 985 2687 Disting.:
1010 2601 1051 2668 nr
1070 2601 1103 2668 hi
1127 2605 1269 2669 auctores

30 2709 212 2792 principium
236 2705 320 2772 istud
344 2708 487 2771 statuunt
510 2705 707 2771 discurrendo
738 2706 786 2774 vel
815 2707 848 2770 in
880 2725 989 2790 genere
1022 2707 1069 2771 vel
1098 2706 1135 2771 de
1165 2707 1269 2771 ordine

30 2832 121 2876 rernm
149 2810 360 2894 undequaque
383 2811 519 2888 divers03
541 2807 631 2875 Cone.
656 2809 864 2876 Discurrendo
884 2810 921 2875 de
937 2829 1011 2876 casu
1027 2812 1147 2888 nostro;
1171 2811 1269 2894 Nego.

31 2916 163 3000 [rgeute
187 2914 300 2998 potiori
323 2913 388 2978 iure
412 2914 502 2979 homo
522 2915 646 2979 tenetur
675 2933 795 2980 servare
827 2915 958 2996 petriam
983 2933 1077 2998 quam
1097 2915 1268 2997 depositum

12 3019 150 3098 *reddere
175 3018 308 3100 petenti.
352 3017 434 3082 Hine
461 3036 519 3082 non
541 3019 666 3083 tenetur
697 3017 727 3081 in
759 3018 818 3083 hec
841 3017 1076 3084 circumstantia
1095 3018 1268 3102 depositum

31 3123 150 3186 reddere
173 3123 283 3186 contra
304 3121 439 3203 patriam
460 3122 521 3188 ete.
545 3121 743 3206 (Vecchioti).
777 3121 824 3186 Ad
847 3121 922 3188 Min.
939 3122 1053 3188 Existit
1069 3141 1172 3207 pugne
1187 3121 1269 3186 inter·

31 3229 87 3289 iura
117 3223 238 3289 metris
262 3226 294 3287 et
316 3223 455 3291 infantis.
489 3223 568 3292 Dist.
601 3225 642 3289 Et
672 3244 777 3309 pugna
803 3225 923 3290 isthaec
952 3224 1040 3308 (dato
1063 3225 1143 3310 quod
1165 3226 1269 3310 aliqua

32 3327 166 3414 existat)
196 3326 339 3410 specialis
369 3331 416 3393 est
444 3331 592 3407 naturae,
628 3347 706 3412 quae
728 3329 876 3414 specialia
898 3348 954 3394 sua
980 3329 1131 3414 principie
1154 3329 1268 3405 hahet;

32 3435 112 3499 tone.
135 3430 225 3495 Talis
240 3433 288 3495 est
302 3433 473 3496 communis
489 3433 613 3510 ordinis,
638 3432 673 3496 ut
689 3452 742 3515 per
761 3451 793 3496 se
809 3433 901 3499 liceat
917 3433 1067 3517 principia
1083 3429 1269 3498 universalia

12 3581 13 3592 ,
33 3537 185 3601 invocare:
212 3534 290 3617 Neg.
313 3533 364 3600 Ita
386 3536 516 3601 veritate
541 3536 584 3600 rei
608 3538 732 3602 coactus
752 3536 817 3620 ipse
834 3535 972 3620 Neogele
989 3537 1088 3601 fassus
1102 3539 1148 3602 est
1166 3535 1269 3602 dicens

12 3637 101 3722 'quod
126 3656 237 3722 pugna
261 3638 373 3704 iurinrn
397 3640 506 3704 matris
529 3641 562 3704 et
584 3641 684 3705 tostus
707 3641 871 3722 peculiaris
892 3643 940 3705 est
961 3640 1082 3705 indolis.
1116 3640 1165 3706 Ad
1191 3640 1268 3708 Min.

32 3743 204 3826 subsumpt.
249 3741 300 3806 Ins
324 3743 433 3808 fortius
456 3746 520 3810 stat
543 3747 727 3827 prometto,
752 3745 810 3810 etc.
857 3743 963 3828 Nego«

127 3861 230 3940 Adde,
253 3862 331 3945 qnod
356 3862 413 3928 etsi
433 3866 533 3928 mater
549 3864 677 3929 haberet
695 3865 743 3929 ins
761 3864 880 3944 fortius,
902 3867 1008 3930 tamen
1024 3866 1161 3931 charitas
1177 3866 1265 3931 illam

34 3967 183 4050 obligaret
218 3963 314 4030 vitam
344 3986 432 4031 suam
456 3969 657 4051 temporalem
682 3969 862 4051 postponere
884 3968 968 4034 vitae
990 3967 1144 4052 spirituali
1169 3968 1268 4032 ioetns

35 4072 90 4145 mi,
122 4089 197 4134 curn
229 4069 270 4134 sit
301 4089 519 4154 nonnunquam
546 4071 636 4136 valde
668 4072 795 4136 dubium
819 4071 968 4136 infantem
990 4071 1022 4136 iu
1047 4074 1134 4136 utero
1156 4072 1267 4135 matris

34 4175 178 4240 inclusum
204 4171 306 4238 valide
328 4173 477 4258 baptizari
492 4177 527 4260 ³).
578 4174 656 4241 (lum
687 4175 797 4240 medici
825 4173 1007 4238 recentiores
1036 4173 1131 4239 uitam
1165 4175 1265 4240 tectus

131 4399 158 4468 1)
177 4399 211 4454 ci.
235 4400 477 4468 neerepne,1.c.
497 4417 558 4470 psg.
577 4401 637 4455 259.

129 4485 157 4556 2)
178 4489 212 4541 Α.
233 4487 275 4550 ΕἸ
293 4486 311 4540 l.
330 4503 351 4540 c.
370 4502 432 4556 pag.
451 4487 511 4542 elo.

127 4573 155 4642 3)
172 4573 206 4626 ct.
229 4572 344 4638 Olsern,
363 4572 381 4626 l.
400 4588 421 4626 c.
440 4588 502 4642 pag.
519 4573 552 4627 27
569 4575 597 4626 et
615 4573 662 4636 28,
681 4573 772 4642 quiin
793 4573 842 4626 lrac
860 4589 888 4626 re
906 4573 989 4640 aliter
998 4576 1096 4628 censet
1113 4587 1193 4644 quam
1217 4573 1266 4626 Al·

12 4687 13 4710 r
38 4663 117 4726 pluer.
144 4661 188 4716 l’l.
208 4674 237 4712 n.
254 4658 304 4713 107
324 4673 368 4728 qu.
386 4659 422 4720 ΙΙ,
443 4662 470 4713 at
492 4661 667 4726 Lelmdnlil,
683 4660 702 4714 1.
717 4677 738 4714 c.
758 4658 971 4716 vellinae.
1052 4647 1059 4664 ’
