3142 5204
286 307 325 371 18
467 322 679 388 Hclrlcnrefcb,
701 322 781 378 Disa.
798 323 834 378 111
854 339 914 378 666.
935 325 989 378 alt.
1008 329 1102 378 conat.
1124 321 1228 392 Apost.
1247 317 1341 380 Sedis.

284 495 374 562 initio
396 516 465 562 curn
489 496 616 576 semine,
639 496 676 561 nt
695 495 921 580 sapientissime
935 493 1103 580 Gregorius
1125 494 1275 580 scriptum
1297 496 1434 581 reliquit,
1459 516 1558 562 cum

283 621 408 684 corpore
430 601 603 668 contexitur
626 601 704 666 etc«

387 707 416 773 7.
441 705 527 770 Haec
542 704 707 785 sententia,
726 723 806 789 quae
823 687 942 770 medico
958 723 1031 770 aevo
1047 705 1234 770 obumbrata
1248 706 1370 771 videtur
1385 706 1560 771 doctrina

285 810 464 878 Aristotelis
486 811 549 874 iam
572 809 718 888 adducta,
741 809 771 873 in
796 809 896 874 lucem
921 809 1018 874 denuo
1039 808 1105 874 lata
1128 811 1160 876 et
1182 809 1378 890 firmissimis,
1403 830 1460 893 pro
1482 811 1560 875 illo

282 916 315 978 et
338 932 484 997 magnam
508 917 628 997 partem
653 915 747 978 611616
771 915 876 978 166116
905 915 1058 995 ternpore,
1084 913 1266 979 confirmata
1288 915 1472 998 augmentis
1514 919 1559 980 et

282 1019 408 1086 defensa
430 1019 477 1082 cst
503 1037 555 1101 per
579 1017 637 1083 Th.
661 1017 788 1082 lliennm
812 1017 1034 1083 lovaniensem
1059 1017 1222 1097 medicum,
1246 1019 1280 1086 P.
1301 1018 1553 1104 Hieronymum

283 1122 506 1187 Florentinium
528 1122 641 1189 Lucan.
665 1122 912 1208 congregationis
943 1121 1055 1186 Matris
1087 1121 1144 1187 Dei
1172 1121 1318 1188 clericum
1349 1124 1553 1208 regularem

282 1231 315 1291 et
337 1225 467 1290 Paulum
491 1225 864 1304 Zaecbiam‚1nnocentii
888 1226 926 1290 X.
951 1226 1192 1309 protomedicnm
1207 1227 1242 1312 ¹).

388 1329 419 1416 a)
448 1330 559 1394 lienus
574 1329 711 1395 defendit
726 1329 757 1394 in
773 1331 866 1395 libro:
884 1329 921 1393 de
937 1329 1114 1394 formatrice
1126 1330 1236 1408 foetus,
1252 1350 1280 1398 a.
1297 1331 1379 1396 1620
1391 1331 1527 1396 thesim
1545 1353 1554 1399 :

282 1435 417 1498 animam
434 1435 617 1500 rationalem
630 1433 751 1498 infundi
765 1435 858 1498 161116
870 1433 919 1498 616
931 1434 1147 1517 conceptionis,
1160 1453 1252 1518 66616
1265 1435 1442 1518 6616666116
1456 1455 1554 1502 666-

284 1539 472 1604 elusionibns
495 1538 640 1618 affirmat,
665 1557 734 1602 cnm
759 1539 910 1621 applausu
930 1538 1097 1602 multorum
1115 1538 1363 1604 doctissimorum
1379 1539 1552 1609 virorum.

387 1643 419 1722 b)
444 1643 513 1708 Non
539 1642 629 1725 paulo
653 1645 721 1726 post
743 1662 793 1708 an.
820 1642 904 1708 1658
935 1642 969 1707 P.
994 1642 1201 1727 Hieronymus
1230 1643 1393 1728 theologus
1422 1645 1553 1709 erudi-

281 1747 422 1812 tissimus
458 1747 521 1810 nelo
556 1747 667 1811 ductus
700 1750 731 1811 et
765 1765 868 1812 amore
896 1746 1071 1812 animarum
1104 1747 1312 1812 abortivorum
1343 1748 1554 1832 conscripsit

282 1851 460 1933 opusculum
486 1852 517 1914 et
538 1851 677 1932 parocbis
701 1853 732 1916 et
755 1849 882 1916 medicis
906 1851 1142 1927 commendavit,
1163 1851 1213 1915 661
1228 1852 1361 1918 titulus:
1387 1853 1456 1918 ›De
1479 1853 1570 1919 bo-¹

282 1955 418 2020 minibus
441 1955 542 2018 dubiis
565 1955 629 2020 sive
649 1955 796 2020 abortivis
820 1954 1022 2037 baptizandis.
1074 1954 1132 2020 Pia
1161 1955 1331 2038 prothesis,
1363 1956 1438 2020 olim
1473 1960 1551 2024 sub

283 2059 479 2142 lugdunensi
503 2059 586 2142 prelo
610 2077 689 2125 anno
714 2059 796 2124 1658
821 2058 905 2124 edita
928 2077 946 2123 6
969 2059 1054 2124 66116
1077 2060 1160 2143 prius
1184 2062 1312 2138 6636116,
1335 2061 1428 2126 unica
1452 2064 1551 2128 tunc

284 2163 511 2246 disputatione,
545 2166 650 2247 postca
683 2163 716 2228 in
751 2163 915 2246 posteriore
950 2163 1084 2230 editione
1115 2163 1312 2249 Lugdunensi
1336 2183 1416 2229 anno
1442 2166 1549 2232 1675

283 2269 384 2333 tribus
411 2267 620 2350 superadditis
642 2267 902 2352 disputationibus
926 2269 1112 2348 consistens,
1144 2288 1275 2352 quarum
1304 2269 1400 2334 161116
1430 2289 1547 2356 argu·

282 2374 386 2437 mento
409 2371 572 2454 desumpto
596 2391 614 2436 a
638 2391 716 2438 nova
740 2372 967 2438 Constitutione
991 2373 1158 2438 Alexandri
1184 2373 1286 2457 Papae
1309 2373 1378 2438 VII.
1399 2374 1438 2438 de
1462 2375 1546 2442 Irn-

281 2477 442 2541 maculata
465 2477 616 2559 Dciparue
640 2476 865 2559 conceptione«

384 2581 460 2644 llrat
480 2580 674 2662 supradictus
692 2580 724 2645 P.
742 2581 949 2666 Hieronymus
966 2581 1172 2659 Florentinus,
1196 2581 1312 2666 661161
1328 2585 1543 2666 argumentis

280 2684 442 2749 sententiis
466 2685 587 2750 16166113
611 2683 773 2750 contrariis
795 2684 833 2749 66
857 2686 1045 2750 animatione
1067 2685 1226 2770 probabile
1253 2685 1373 2765 reddit,
1406 2686 1545 2754 foetum

279 2790 674 2872 6666616661616661661
701 2790 787 2853 utero
815 2789 923 2854 matris
949 2808 1108 2856 excussum
1132 2791 1245 2856 saltem
1268 2792 1324 2855 snb
1348 2789 1547 2860 conditione

280 2892 499 2975 baptizandum
529 2911 611 2973 esse,
645 2893 676 2958 at
707 2891 738 2961 S.
767 2892 798 2958 O.
829 2893 897 2960 Ind.
930 2893 1008 2960 hanc
1038 2893 1224 2960 sententiam
1252 2914 1312 2960 non
1335 2898 1547 2978 censuravit,

279 2997 445 3060 dummodo
471 2997 597 3062 »auctor
619 2997 709 3062 initio
733 2997 912 3078 declararet,
939 3019 972 3064 36
996 2999 1076 3064 nibil
1099 2999 1128 3063 in
1150 3001 1305 3082 praesenti
1321 2999 1456 3064 materia
1476 3002 1548 3068 ‹lc-

278 3099 410 3167 finiendo
434 3101 534 3167 dicero
557 3102 650 3185 atque
671 3101 832 3182 neminem,
858 3102 938 3185 6666
954 3103 1072 3186 praxim
1088 3103 1213 3182 attinet,
1229 3105 1286 3168 sub
1303 3102 1428 3168 mortali
1445 3105 1547 3172 obli-

281 3222 372 3287 gare,
408 3205 460 3269 sed
495 3206 617 3270 tanturn
649 3205 783 3272 rationes
817 3206 1023 3289 speculativas
1052 3206 1084 3272 id
1115 3207 1280 3272 suadentes
1303 3226 1453 3291 exponere
1467 3212 1542 3294 ²).«

279 3308 383 3373 llditio
408 3309 497 3374 modo
520 3309 617 3376 citata
639 3311 776 3378 continet
796 3310 885 3376 initio
901 3311 1039 3376 XXXIX
1058 3311 1241 3378 favorabiles
1262 3330 1416 3390 censuras,
1443 3316 1546 3382 unde

277 3432 336 3478 non
359 3411 437 3478 falso
455 3414 630 3493 concludas,
655 3414 734 3479 banc
754 3415 938 3480 sententiam
956 3417 1092 3498 tempore
1107 3416 1171 3496 illo,
1188 3433 1248 3499 666
1266 3417 1322 3483 boc
1340 3417 1544 3499 opusculum

278 3516 308 3580 in
332 3517 432 3582 lucem
457 3518 553 3599 primo
574 3519 692 3584 editum
712 3522 768 3599 631,
793 3520 813 3586 1.
830 3539 855 3584 6.
873 3539 899 3586 6.
919 3520 1002 3585 1658
1023 3521 1085 3586 1616
1108 3540 1213 3586 omnes
1236 3520 1342 3586 doctos
1365 3523 1545 3604 amplexos

277 3639 352 3686 esse.
391 3620 459 3685 Htsi
481 3620 639 3706 (quoniam
662 3623 694 3686 in
720 3623 776 3688 boc
799 3624 904 3708 agitur
926 3625 964 3689 de
986 3644 1029 3703 re,
1053 3643 1131 3708 6666
1159 3625 1246 3691 16166
1269 3626 1404 3708 pertinet
1426 3627 1544 3696 etiam

277 3724 317 3789 ad
342 3724 489 3812 medicos)
524 3725 601 3791 duae
631 3728 753 3792 tantum
785 3729 963 3793 Facultates
995 3729 1149 3808 medicae,
1180 3729 1394 3794 universitatis
1430 3731 1546 3799 Vien-

278 3828 380 3894 nensis
404 3849 512 3914 nempe
535 3833 567 3894 et
590 3831 792 3918 Pragensis⁸)
821 3832 854 3895 in
883 3831 945 3898 illis
978 3833 1116 3898 XXXIX
1145 3834 1283 3900 censuris
1312 3833 1542 3922 reperiuntur,

381 3986 407 4055 l)
429 3986 462 4042 61.
484 3989 517 4042 Α.
538 3989 587 4052 H,
606 3987 625 4042 1.
641 4003 662 4041 6.
680 4003 742 4056 pag.
762 3987 811 4044 161
829 4003 905 4058 seqq.

379 4073 406 4142 2)
426 4073 535 4129 Editio:
553 4075 669 4144 August.
688 4073 794 4129 Vindel.
811 4074 887 4138 1161,
906 4091 969 4144 pag.
987 4075 1009 4129 I.

379 4160 406 4228 3)
424 4161 547 4229 ‘Quarum
566 4163 651 4231 prima
673 4162 789 4216 censuit:
814 4160 901 4215 Hnius
920 4161 962 4227 (P.
982 4160 1068 4230 Hier.)
1087 4162 1176 4230 opinio
1194 4162 1301 4232 penitus
1319 4179 1387 4218 nova
1406 4179 1458 4231 per
1479 4168 1541 4226 lv.

272 4247 362 4302 nostri
378 4247 493 4317 Collegit
512 4247 633 4303 doctores
652 4252 776 4303 accurate
795 4248 894 4303 relecta
912 4251 940 4302 61
959 4248 1052 4304 multis
1072 4251 1240 4319 argumentis
1256 4251 1285 4304 in
1298 4252 1446 4320 utramque
1462 4269 1540 4321 par-

274 4336 331 4389 tem
355 4334 475 4389 discussa
498 4333 608 4389 tandem
635 4334 766 4403 scrupulis
791 4337 819 4390 61
844 4334 1039 4390 obiectionibus
1056 4335 1178 4390 omnibus
1196 4336 1306 4392 remotis
1325 4335 1448 4392 unanimi
1469 4357 1541 4398 om.

275 4421 349 4476 nium
368 4425 491 4476 nostrum
509 4437 637 4476 consensu
656 4421 738 4476 etiam
758 4437 788 4474 ex
807 4420 895 4476 divino
915 4421 1057 4476 charitatis
1078 4426 1221 4492 praecepto
1242 4423 1340 4478 meruit
1358 4423 1538 4491 applausum

273 4512 301 4562 et
319 4507 560 4578 approbationem.
578 4549 583 4561 .
598 4549 604 4563 .
622 4507 754 4578 probabili
773 4507 921 4561 assertione
937 4508 1083 4562 statuimus
1101 4509 1174 4564 16616
1192 4509 1368 4578 sparmaticae
1385 4515 1534 4572 materiae

273 4595 479 4652 fermentatione
504 4611 551 4649 seu
574 4595 718 4665 geniturae
739 4593 964 4650 transmutatione
986 4598 1048 4663 post
1066 4611 1164 4663 paucas
1182 4597 1261 4652 boras
1280 4596 1323 4652 vel
1341 4613 1442 4666 pancos
1462 4599 1532 4660 dies

272 4681 414 4760 embryone
432 4682 551 4738 animam
570 4682 729 4738 rationalem
748 4680 861 4736 infundi.
884 4680 1014 4750 (Censura
1033 4682 1069 4737 Il.
1088 4682 1108 4738 l.
1128 4699 1149 4738 c.
1169 4699 1232 4754 pag.
1247 4682 1310 4752 lx.)
