3142 5204
326 356 460 414 Adortus
478 353 656 426 artificialis
674 361 703 414 66
723 359 941 415 crontotomr'a.
1068 395 1072 400 -
1210 345 1252 412 49

21 541 65 603 inis
90 536 159 601 sive
195 533 303 598 solum
333 529 513 595 intendatur
542 532 577 593 ut
609 529 742 594 medium
773 532 897 613 propter
926 532 1022 597 alium
1052 533 1145 601 finem
1169 555 1196 602 r.
1221 551 1255 621 ς.
1285 553 1288 559 ’

22 643 42 704 nl
58 638 312 705 conservandam
336 635 433 698 vitam
454 633 562 698 matris
584 682 651 711 ...,
677 633 841 698 dummodo
864 635 965 699 media
988 655 1042 719 per
1064 656 1097 702 se
1119 639 1251 704 tendant

22 743 259 810 accusandum
284 740 429 802 abortum
455 755 551 820 neque
574 737 665 802 aliter
687 737 860 802 conducant
883 739 922 803 ad
940 741 1036 804 uitam
1055 741 1163 806 matris
1179 761 1250 808 cou-

22 849 196 922 srrandam‚
224 843 287 910 nisi
309 843 459 925 quantum
484 843 613 905 causant
636 840 808 906 abortum«
835 838 841 844 ’

95 967 186 1050 Quid
216 965 390 1049 haymone
413 962 448 1047 (†
475 959 569 1047 1625)
593 963 630 1024 de
654 961 762 1025 abortu
786 963 930 1041 senserit,
958 965 1021 1028 iam
1046 967 1176 1050 snpra1)
1202 985 1252 1032 re·

22 1074 66 1138 tuli.
99 1073 184 1137 Post
210 1069 270 1134 illa
293 1067 386 1132 rerba
409 1067 548 1149 pergitl)
586 1063 761 1142 »Secundo‚
796 1066 962 1130 sicarium
991 1067 1050 1146 sit,
1081 1069 1196 1134 loetum
1215 1072 1254 1136 in

22 1183 81 1242 utero
110 1196 178 1241 non
209 1172 384 1237 animatum
409 1188 493 1247 esse,
528 1167 650 1232 facilius
682 1168 875 1250 permittitur
906 1170 944 1234 ob
977 1173 1087 1235 matris
1119 1173 1253 1238 salutern

21 1281 157 1364 erpellere,
186 1278 286 1361 idque
309 1274 429 1338 directa
450 1273 630 1350 intentione,
655 1272 680 1336 si
705 1273 804 1337 foetus
826 1273 919 1337 matri
944 1275 1074 1340 mortem
1099 1275 1255 1343 allaturus

22 1387 122 1466 ructetur
149 1435 159 1449 .
192 1436 200 1449 .
229 1432 236 1445 .
264 1378 424 1444 indirecta
449 1395 519 1441 vero
541 1376 711 1441 intentione
736 1395 789 1440 sen
813 1397 866 1459 per
889 1377 1031 1444 accidens
1056 1378 1102 1444 fas
1125 1378 1185 1446 erit
1207 1382 1254 1446 in·

22 1490 117 1553 trrdum
153 1487 283 1552 foetum
316 1481 484 1565 expellere,
521 1480 548 1544 si
578 1481 671 1543 matri
695 1479 832 1563 graviter
856 1482 1030 1564 aegrotanti
1054 1503 1080 1548 v.
1105 1503 1135 1566 g.
1160 1503 1255 1550 venae

21 1595 91 1657 ertio
120 1593 187 1656 aut
217 1585 419 1672 purgativum
450 1585 650 1667 pharmacum
676 1585 881 1648 necessarium
904 1585 1064 1665 rideatur,
1097 1605 1155 1652 nou
1188 1589 1254 1654 sine

22 1697 100 1780 dique
129 1690 316 1760 abortionis
345 1689 491 1773 periculo.
549 1685 581 1750 Si
605 1687 708 1751 antem
740 1687 1024 1764 loetusTanimatns
1046 1689 1255 1772 existemetnr,

22 1814 71 1866 nnc
93 1799 201 1864 aliter
229 1793 485 1878 distinguendum
510 1809 579 1855 cum
600 1789 741 1856 Sonchea
762 1809 792 1855 n.
818 1791 858 1856 16
883 1842 889 1854 .
915 1843 922 1858 .
948 1842 955 1857 .
979 1793 1202 1860 Verumtamen
1223 1796 1254 1860 in

21 1925 70 1969 usu
92 1904 199 1970 unico
223 1895 413 1980 repugnabit
443 1895 607 1959 charitatis
640 1893 719 1978 legi,
756 1894 865 1960 matris
898 1896 995 1960 vitam
1031 1897 1255 1965 medicamento

22 2028 120 2074 enare
142 2024 224 2072 cnm
250 2000 402 2086 probabili
437 1999 572 2082 periculo
593 1997 720 2062 necandi
742 1997 864 2077 166666,
897 1999 921 2063 si
954 2019 1013 2064 non
1035 2001 1176 2067 adhibito
1199 2003 1255 2068 tali

22 2109 242 2178 nedicameuto
273 2106 310 2169 de
343 2105 466 2168 mortua
495 2103 591 2167 matre
626 2101 769 2166 credatur
804 2103 920 2167 foetum
953 2105 1053 2169 virum
1088 2105 1120 2170 iu
1154 2105 1255 2172 lucem

22 2217 156 2280 dentium
187 2213 220 2276 et
244 2207 464 2292 baptizandum
486 2206 558 2272 lore.
602 2205 696 2269 Onius
719 2207 878 2285 reticeat,
902 2207 976 2291 quia
998 2208 1070 2274 ordo
1093 2210 1257 2276 charitatis

21 2320 163 2400 postulat,
202 2316 241 2378 ut
261 2313 326 2378 rita
350 2309 522 2394 spiritualis
545 2309 641 2373 animi
667 2309 767 2374 foetus
786 2311 978 2393 praeteratur
1000 2311 1082 2376 ritae
1106 2313 1255 2395 corporali

22 2425 96 2505 ipsius
121 2419 248 2487 matris
261 2417 318 2498 lt«

10 2597 11 2602 ,
104 2544 232 2611 Diana
255 2540 321 2622 ipse
343 2535 473 2623 (1663),
501 2535 623 2618 quiesi
651 2535 835 2618 »aliquando
859 2534 1050 2620 benignior,‹
1076 2537 1173 2624 ait⁴):
1204 2538 1257 2604 »Si

24 2650 161 2715 nedicina
188 2641 363 2726 aequaliter
386 2639 495 2704 tendat
518 2639 555 2702 66
579 2638 711 2702 salutem
742 2639 850 2703 matris
880 2641 912 2704 et
941 2640 978 2704 66
1009 2659 1114 2707 necem
1145 2640 1256 2722 foetus,

10 2751 154 2832 praeferri
181 2746 288 2832 potest
312 2745 376 2810 vita
400 2743 509 2807 matris
532 2743 624 2807 saluti
649 2743 793 2822 infantis,
818 2761 852 2808 eo
875 2743 970 2809 etiarn
993 2745 1146 2826 maxime,
1175 2747 1256 2830 quod

23 2861 102 2922 natrc
127 2855 288 2940 pereunte
312 2866 407 2932 paene
430 2847 612 2912 miraculum
634 2847 684 2924 sit,
709 2846 735 2909 si
759 2846 858 2912 foetus
879 2847 1042 2913 incolumis
1065 2849 1186 2916 evadat.

109 2985 213 3050 Ratio
236 2981 303 3058 est,
337 2977 409 3062 quia
442 2976 611 3060 periculum
644 2976 748 3040 damni
780 2980 827 3042 cst
850 2976 1024 3056 modicum,
1058 2981 1259 3063 supponimus

10 3093 84 3162 renim
109 3085 317 3169 desperatam
342 3099 407 3148 esse
430 3079 561 3146 salutem
587 3131 594 3146 .
618 3134 625 3146 .
650 3131 658 3146 .
682 3133 688 3147 .
714 3080 808 3145 Recte
831 3081 929 3165 igitur
952 3100 1008 3166 ego
1029 3082 1104 3148 oliru
1130 3083 1258 3150 intacti

24 3192 230 3280 contingentia
251 3185 407 3261 consului,
439 3184 532 3267 quod,
557 3184 680 3268 qnando
700 3184 785 3248 nulla
807 3184 855 3250 est
874 3204 960 3269 spes,
982 3187 1018 3251 ut
1041 3187 1128 3252 vivus
1149 3188 1260 3254 edatur

10 3303 133 3378 xportua,
164 3296 198 3360 et
221 3311 256 3357 cx
279 3290 342 3356 alia
366 3289 452 3372 parte
476 3287 563 3352 adest
586 3307 654 3370 spes
685 3288 829 3354 sanitatis
860 3289 990 3368 matris,
1025 3291 1050 3356 si
1075 3291 1260 3358 adhibeatur

25 3403 184 3468 remedium
207 3395 293 3460 illins
314 3393 500 3469 sanativum,
522 3392 662 3456 adhiberi
686 3410 783 3475 posse,
807 3392 865 3456 etsi
887 3392 951 3458 tale
973 3395 1145 3461 remedium
1163 3415 1260 3480 aeque

10 3509 52 3576 ¹sit
74 3503 265 3572 ordinatum
299 3498 336 3562 ad
372 3497 473 3562 foetus
504 3496 633 3560 mortem
665 3497 697 3560 et
731 3495 770 3560 ad
800 3496 911 3562 matris
943 3495 1075 3564 salutem
1106 3549 1238 3568 .....
1251 3525 1259 3579 ;

27 3611 87 3690 liri,
118 3609 149 3672 si
182 3601 355 3670 remedium
387 3601 428 3665 sit
458 3619 552 3682 aeque
585 3599 777 3677 sanativnm3
811 3619 882 3665 nam
914 3601 939 3666 si
970 3602 1140 3670 remedium
1165 3603 1206 3668 sit
1226 3622 1262 3670 ex

10 3689 65 3780 irua
82 3717 207 3780 natura
229 3705 422 3771 mortiferum
443 3703 538 3770 luctui
557 3704 589 3768 et
615 3703 672 3768 hac
695 3703 814 3769 ratione
836 3704 934 3769 solnm
958 3708 1152 3788 sanativum,
1184 3726 1261 3792 qua·

10 3797 98 3885 ¹:esurus
123 3816 178 3882 est
202 3809 299 3877 loetni
320 3809 523 3886 mortiferum,
545 3827 605 3873 nou
628 3807 730 3892 potest
753 3807 838 3873 licite
861 3807 1032 3874 adhiberi«

114 3939 324 4011 celeberrimi
344 3938 391 4003 illi
413 3937 693 4004 salamanticenses
724 3938 872 4020 respuunt
904 3954 1013 4002 causas
1044 3937 1260 4006 nonnullorum

28 4053 235 4135 theologorum
268 4044 408 4108 abortum
437 4041 587 4107 directum
619 4040 657 4106 66
680 4039 847 4106 sanandam
873 4041 1003 4104 matrem
1027 4041 1261 4124 permittentes:

30 4157 90 4222 »hae
112 4152 257 4220 rationes
280 4147 373 4212 etiam
394 4146 539 4228 probant,
562 4144 654 4210 licere
676 4144 830 4226 potionem
853 4161 974 4208 sumere
995 4143 1111 4210 directe
1133 4146 1262 4214 tenden-

10 4473 11 4488 ,
122 4419 137 4474 l
159 4415 194 4471 cf.
213 4429 277 4484 pag.
297 4411 355 4466 321.

10 4495 11 4518 ³
120 4499 322 4572 minut

121 4591 152 4657 3)
171 4587 206 4643 cl.
223 4590 262 4641 to.
280 4584 318 4640 II.
337 4585 355 4640 l.
374 4585 405 4640 V.
424 4586 458 4640 tr.
479 4584 511 4641 10
526 4601 553 4652 p.
572 4584 589 4638 3
606 4601 646 4652 cp.
665 4583 688 4638 1.
706 4600 731 4637 n.
751 4584 775 4637 6.

120 4677 151 4748 4)
170 4674 262 4731 'l'ract
281 4669 327 4726 Vl
346 4669 378 4726 66
396 4669 493 4725 abortu
511 4668 588 4725 resol.
609 4667 665 4723 XL
