3142 5204
424 305 625 376 Operattoors
642 307 678 358 r'rr
694 309 790 372 parra
808 306 922 362 licitos.
1254 295 1296 360 '13

31 493 61 554 nt
85 482 268 551 diameter
294 477 475 544 brevissima
498 477 529 540 iu
553 475 738 540 arct'tudine
760 477 913 559 inaequali
936 481 984 542 est
1006 482 1047 543 2¹¹
1079 499 1175 564 nsque
1198 485 1298 549 maior

30 612 118 677 qnam
148 587 276 666 3¹l4‘¹3
297 580 454 663 inaequali
478 579 665 644 arctitudine
687 579 869 663 coniugales
893 601 950 645 non
975 583 1074 647 minor
1096 600 1188 668 quam
1211 589 1297 667 Μ’

30 715 124 779 nequa
152 689 273 754 maior
289 704 382 767 quam
403 685 488 762 3¹t2¹¹
499 687 531 763 ¹).
549 719 590 730 -
606 683 640 746 In
659 685 751 764 partu
767 702 876 766 nempe
892 687 1024 764 maturo,
1045 687 1072 750 si
1088 691 1296 771 exspectatur,

30 805 56 865 in
80 796 145 863 tali
175 809 265 856 casu
286 789 319 852 ct
343 788 472 851 matrem
497 790 527 850 et
550 785 700 850 infantem
724 787 756 850 in
780 787 945 852 marimum
964 790 1133 872 periculum
1152 796 1296 858 vocatum

30 905 64 970 iri
87 892 399 986 probabilissimum
424 891 480 965 est,
505 889 552 952 vel
570 889 661 953 ambo
677 889 827 970 peribunt.
858 890 974 956 Tamen
991 894 1180 976 experientia
1196 895 1295 975 docet,

31 1005 175 1072 medicos
216 1013 314 1078 saepe
343 993 485 1074 deceptos
513 1008 578 1056 esse
602 994 634 1056 et
656 993 777 1074 praeter
800 995 1056 1076 exspectationem
1082 997 1201 1062 felicem
1225 1018 1297 1082 par·

31 1121 96 1176 tum
122 1101 285 1172 evenisse
308 1097 433 1180 propter
455 1095 773 1177 compressibilitatsm
799 1098 932 1179 partium
956 1099 1096 1164 infantis.

139 1203 314 1272 indicatio
338 1198 530 1264 necessitatis
547 1198 728 1280 provocandi
750 1202 871 1281 partum
890 1204 1119 1282 praematurum
1137 1205 1214 1268 mihi
1230 1226 1297 1272 esse

31 1317 181 1388 videtur,
219 1324 317 1390 quam
348 1303 442 1368 retent
463 1301 650 1379 Scbrocder,
682 1301 703 1366 l.
728 1321 753 1366 c.
778 1323 805 1384 p.
830 1303 914 1369 250:
952 1305 997 1370 »si
1028 1307 1110 1371 enim
1142 1309 1223 1373 teste
1245 1329 1295 1374 cx·

31 1415 201 1504 perientia
227 1411 316 1476 certo
339 1405 524 1489 gestationis
544 1406 680 1486 tempore
703 1405 803 1469 foetus
829 1425 948 1489 semper
980 1409 1060 1490 perit
1089 1411 1122 1474 et
1149 1411 1206 1476 hoc
1231 1412 1296 1478 ficri

28 1525 109 1590 solet
134 1518 182 1582 ad
214 1515 311 1577 tinem
337 1509 511 1574 naturalem
535 1507 748 1602 gracilitatis,
781 1511 923 1591 quoniam
950 1511 1053 1576 iulans
1083 1516 1206 1578 tantum
1239 1515 1297 1581 boc

28 1623 179 1693 remedio
207 1616 368 1700 particeps
391 1613 428 1677 fit
450 1612 568 1694 gratiae
592 1611 748 1693 baptismi,
770 1614 851 1678 sicut
874 1614 904 1678 in
928 1615 989 1681 alio
1004 1634 1087 1695 casu,
1110 1637 1202 1700 quem
1216 1621 1296 1684 teste

28 1726 223 1798 Scbrocdcr
245 1717 430 1799 Steldrcrpcr
452 1719 610 1791 memorat,
636 1733 742 1797 nempe
766 1717 792 1778 sl
816 1736 896 1782 mors
919 1719 1028 1784 matris
1043 1720 1110 1785 sinc
1125 1721 1218 1786 dubio
1235 1723 1295 1786 im·

29 1833 146 1907 minet,
175 1821 329 1909 quoniam
351 1823 384 1883 et
401 1819 433 1882 in
458 1820 513 1884 boc
535 1837 606 1883 casu
631 1819 687 1882 tali
713 1820 845 1884 remedio
864 1820 965 1886 intans
985 1823 1085 1888 tutius
1106 1825 1294 1907 baptizatur,

30 1959 89 2004 non
117 1946 270 2012 negans,
295 1923 391 1988 telem
412 1923 554 1988 miseram
578 1924 709 1986 matrem
733 1941 790 1988 non
815 1943 891 1988 vane
914 1926 1081 1994 vexandam
1106 1927 1245 2012 ideoque,
1269 1931 1296 1994 si

30 2041 95 2107 fieri
124 2034 245 2120 potest
270 2029 337 2092 sine
361 2027 472 2094 damno
495 2024 604 2104 loetus,
627 2025 693 2090 eius
717 2028 845 2092 mortem
869 2030 1136 2111 exspectandam«

508 2215 646 2281 Abortae
666 2213 847 2283 indirectas.

147 2365 174 2428 ῐ.
230 2360 299 2422 lam
327 2374 420 2437 supra
443 2354 592 2432 vidimus,
615 2373 718 2419 ornnes
742 2356 804 2419 lere
828 2357 1003 2421 moralistas
1026 2378 1179 2438 asserere,
1203 2361 1296 2428 licere

32 2472 134 2538 matri
164 2461 352 2548 aegrotanti
374 2477 409 2524 ex
432 2457 608 2524 rationabili
629 2476 721 2522 causa
745 2459 944 2540 pharmacum
969 2463 1140 2545 porrigere,
1174 2483 1209 2528 cx
1235 2486 1296 2550 qno

32 2577 167 2659 praeter
193 2564 403 2632 intentionem
427 2562 552 2627 abortus
573 2562 787 2644 subsequatur.

147 2682 308 2748 Attamen
333 2674 523 2740 notandum:

149 2796 188 2858 1⁰
211 2789 314 2874 quoad
339 2786 516 2869 pericnlum,
539 2785 617 2868 quod
641 2786 798 2851 imminet:
823 2790 858 2852 ut
873 2789 915 2852 sit
931 2809 1046 2869 verum,
1072 2811 1129 2856 non
1146 2794 1244 2859 solum
1263 2795 1294 2861 in

33 2905 147 2966 mente
171 2893 291 2961 medici
315 2891 363 2956 vel
385 2889 546 2973 gravidum
570 2890 613 2954 sit
635 2909 736 2973 grave,
762 2909 904 2972 praesens
928 2894 975 2957 vel
998 2895 1083 2960 certe
1105 2900 1161 2962 aut
1185 2900 1294 2982 probs·

34 3005 206 3070 bilissime
237 2997 378 3062 futurum
409 2997 442 3058 ct
472 2994 566 3058 matri
589 2995 711 3058 tantum
735 2997 789 3056 aut
813 2995 905 3058 matri
929 2997 962 3060 et
984 2998 1096 3062 intanti
1119 3001 1211 3066 simul
1237 3005 1295 3068 im-

34 3111 167 3174 minens
191 3105 225 3168 et
250 3119 285 3165 eo
308 3098 449 3184 gravius,
481 3117 541 3181 quo
562 3096 683 3162 lucilius
707 3095 804 3159 medio
829 3096 970 3163 adhibito
994 3101 1121 3168 abortus
1143 3105 1295 3174 indirecte

32 3213 125 3296 sequi
155 3205 284 3292 possit;
743 3205 744 3208 ’

148 3313 190 3376 2⁰
215 3306 316 3392 quoad
339 3305 525 3370 remedium:
549 3306 584 3369 ut
605 3323 662 3369 non
675 3302 792 3382 tendat,
813 3301 924 3368 saltem
942 3323 1000 3369 non
1017 3307 1144 3390 directe,
1166 3332 1202 3378 ex
1217 3333 1294 3394 sese,

33 3423 68 3484 ad
96 3415 280 3486 abortum3
304 3409 346 3474 sit
367 3428 403 3474 er
425 3427 490 3473 sess
513 3408 686 3474 curativum
709 3406 817 3472 matris
841 3425 938 3490 neque
962 3408 1118 3476 adducens
1138 3416 1294 3494 abortum,

33 3527 54 3588 si
80 3523 207 3588 autem
229 3513 381 3579 adducere
400 3514 500 3595 potest
516 3512 667 3589 abortum,
691 3511 800 3578 saltem
817 3511 990 3594 aequaliter
1007 3515 1181 3583 curativum
1202 3541 1295 3604 quam

33 3629 209 3692 adducens
233 3617 375 3682 abortum
397 3619 432 3682 et
451 3617 561 3682 saltem
585 3615 695 3692 simul,
726 3631 786 3678 non
808 3615 870 3693 ita,
891 3617 927 3680 nt
948 3617 1126 3685 adducendo
1150 3623 1293 3691 abortum

34 3733 88 3796 liat
114 3722 316 3797 curativum,
339 3721 381 3785 sit
404 3719 610 3786 necessarium
633 3719 680 3784 vol
704 3719 813 3784 saltem
836 3719 999 3802 optimum,
1021 3741 1079 3786 uon
1106 3724 1153 3789 ita
1171 3729 1208 3790 ut
1223 3745 1293 3794 cunr

34 3836 162 3900 maiore
190 3827 320 3892 abortus
342 3824 478 3907 periculo
499 3823 627 3888 celerius
649 3822 772 3888 morbus
795 3825 950 3910 sanetur,
971 3824 1024 3908 qui
1047 3827 1079 3892 et
1102 3827 1165 3894 alio
1193 3832 1295 3898 medio

33 3935 193 4004 adhibito
218 3930 361 3994 abortum
385 3926 486 3992 minus
509 3925 684 3992 includente
707 3925 846 4005 tardius,
877 3927 931 3992 sed
961 3929 1055 3995 etiam
1083 3934 1168 3997 certo
1189 3936 1295 4000 sanari

69 4043 169 4116 test;

34 4063 67 4124 ρο
148 4145 191 4208 3⁰
213 4137 315 4224 quoad
338 4136 519 4201 electionem
540 4137 573 4200 et
593 4134 847 4218 applicationem:
880 4135 1032 4221 eligatur,
1064 4140 1089 4204 si
1121 4141 1292 4222 perieulum

33 4251 147 4316 urinas
173 4261 273 4330 grave
296 4243 353 4320 cst,
378 4240 588 4322 pharmacum,
608 4239 688 4321 quod
711 4239 810 4304 rarius
833 4242 865 4305 et
888 4240 991 4306 minus
1014 4243 1215 4325 probabiliter
1239 4247 1293 4311 ad·

33 4355 154 4420 ducere
180 4348 346 4420 abortum,
380 4343 495 4408 directe
530 4343 577 4407 vel
611 4341 762 4408 indirecte
792 4345 964 4410 accelerare
987 4347 1036 4412 vel
1059 4347 1164 4414 iurare
1186 4350 1292 4432 possit.

148 4561 178 4632 l)
200 4557 419 4629 caperrmann,
437 4552 454 4606 l.
467 4569 488 4607 c.
504 4569 567 4622 pap.
578 4552 620 4607 81.
648 4553 681 4608 cf.
701 4554 845 4620 Horwtts,
862 4569 925 4624 pag.
936 4555 979 4622 32,
996 4556 1044 4625 qui
1060 4556 1206 4629 distinguit
1222 4557 1293 4620 tuter

36 4651 214 4721 primoparas
234 4647 264 4702 et
282 4637 453 4708 multipsras.
