3142 5204
30 350 32 428 p
449 333 495 392 Da
514 334 708 392 animatione
724 331 835 403 foelus.
1221 312 1261 379 13

44 522 60 574 0
75 509 290 575 trichotomiao
311 507 518 592 0001000101)
549 505 733 590 relinquitur
757 525 829 572 vere
852 506 992 572 doctrina
1012 505 1166 572 homiuem
1189 523 1262 571 con·

30 603 98 680 *rure
118 633 153 678 er
175 614 284 680 anima
308 611 450 678 rationali
474 614 506 676 et
528 611 695 695 corporet).
727 609 842 694 Corpus
865 611 1016 696 originem
1039 609 1126 676 duxit
1149 629 1184 676 er
1207 609 1262 675 bo·

45 716 649 800 010000ορ00001011000300010110010;
682 716 788 780 anima
822 715 926 780 autem
960 715 1120 780 rationalis
1149 733 1168 780 0
1197 715 1262 780 Deo

29 827 133 912 ¹eruetur
156 825 191 887 at
217 821 337 904 corpori
359 821 492 886 hominis
517 820 585 884 novi
607 819 713 883 unitur
736 855 778 868 -
800 818 1053 886 Creatlauismus.

29 915 30 974 l
116 926 176 992 Sed
202 926 329 990 initium
354 927 435 990 vitae
458 927 489 988 et
518 925 618 990 exitus
642 923 758 988 homiui
780 923 889 1007 ignota
912 926 985 989 suut
1006 923 1106 1008 quoad
1129 926 1261 1006 tempus.

29 1031 127 1112 'terpus
156 1027 828 1114 010010000011000010010000100100,
858 1029 891 1093 at
925 1028 1046 1112 quando
1082 1029 1157 1092 haee
1192 1028 1262 1092 uuio

44 1136 138 1218 physica
166 1134 228 1198 fiat
257 1134 288 1198 et
315 1133 465 1209 solvatur,
499 1132 624 1197 minime
654 1133 748 1198 aurbs
771 1132 869 1216 signis
891 1132 956 1215 ipso
980 1134 1127 1215 temporis
1151 1135 1263 1214 puncto

45 1241 102 1302 robis
122 1239 269 1320 apparet.
311 1237 350 1301 cr
382 1240 486 1302 tarueu
510 1254 546 1300 ex
577 1236 797 1318 perspicuitate
828 1235 919 1302 buius
946 1237 990 1301 rei
1022 1237 1178 1320 permulta
1209 1236 1263 1302 de·

44 1342 154 1424 pendent.
203 1341 306 1423 Quam
330 1339 411 1405 enirn
434 1341 562 1424 quisque
584 1340 756 1424 epimonem
779 1340 996 1423 amplectitur,
1029 1360 1064 1405 er
1087 1359 1123 1405 ee
1146 1341 1183 1404 de
1207 1359 1263 1406 ua-

44 1458 87 1510 00
108 1448 241 1510 abortus
265 1447 390 1528 eiusque
406 1444 543 1510 liceitate
564 1444 712 1510 iudicium
730 1447 795 1510 eius
812 1445 982 1528 practicum
1001 1464 1124 1511 manare
1140 1463 1263 1510 necesse

44 1558 77 1614 el.
116 1550 321 1616 Sacerdotem
346 1549 485 1632 denique,
510 1550 560 1612 cui
580 1549 731 1613 incumbit
748 1549 922 1614 animarum
939 1567 1012 1613 cura
1028 1549 1161 1614 actualis
1176 1550 1265 1614 iuvat

44 1655 101 1730 rire,
125 1675 202 1718 nuru
226 1654 367 1718 omuibus
388 1655 420 1717 et
443 1653 575 1736 singulis
596 1653 744 1718 abortivis
770 1653 920 1736 Baptismi
943 1656 1173 1718 sacramentum
1188 1672 1262 1718 oon·

44 1759 173 1824 luendum
197 1758 242 1822 sit
266 1777 368 1824 necue.

119 1864 255 1945 Propter
282 1862 378 1945 ipsam
404 1861 448 1925 rei
479 1861 697 1927 difficultatem
729 1881 788 1926 non
820 1863 869 1927 est
897 1862 977 1945 quod
1008 1862 1151 1941 mireris,
1183 1861 1264 1927 mira

44 1968 107 2031 riuis
136 1969 170 2032 et
200 1965 424 2030 inenarrabilia
450 1969 515 2030 tuur
540 1966 621 2048 apud
646 1971 765 2031 veteres
787 1969 856 2030 tum
878 1967 959 2049 apud
983 1966 1132 2050 quosdam
1156 1985 1262 2032 receu-

44 2073 107 2136 tores
129 2071 169 2135 de
196 2071 320 2135 animae
343 2070 374 2134 in
397 2089 504 2152 corpus
529 2069 664 2134 adventu
688 2071 804 2154 scripta
826 2072 859 2135 et
873 2070 999 2136 defensa
1016 2071 1156 2137 inveniri.
1180 2070 1263 2135 Satis

43 2177 102 2240 urbis
124 2177 167 2240 sit
191 2175 338 2258 graviora
361 2176 532 2258 systemate
555 2173 710 2240 attulisse.

117 2283 148 2345 2.
185 2278 238 2343 Ab
262 2279 391 2342 eeclesia
414 2278 577 2360 reprobatu
600 2280 648 2342 est
669 2279 772 2362 opinio
794 2297 909 2358 eorum,
930 2278 983 2362 qui
1000 2277 1107 2343 volunt
1125 2279 1262 2344 animam

44 2383 106 2467 lnge
129 2387 208 2448 ante
238 2381 453 2448 formationem
476 2383 610 2465 corporis
633 2382 762 2448 existere
782 2384 814 2449 et
838 2383 931 2461 velut,
955 2402 1007 2466 per
1030 2384 1262 2466 transcorpora-

43 2491 128 2552 uorem
162 2487 288 2552 infundi
320 2487 350 2550 ln
380 2505 489 2568 corpus
525 2486 741 2570 sumamma).
786 2486 816 2552 S.
838 2485 1006 2570 Gregorius
1030 2486 1188 2572 Nyssenus
1211 2506 1265 2570 per

42 2595 86 2656 btu
102 2594 200 2675 caput
212 2595 239 2676 4)
255 2589 401 2667 XXVIII,
420 2591 489 2654 libri
502 2591 568 2654 sui:
596 2590 653 2655 »de
665 2591 797 2656 hominis
815 2590 954 2675 opificio«
974 2592 1068 2657 navat
1082 2591 1265 2658 refutandae

43 2695 78 2758 leli
104 2695 264 2780 opinioni,
296 2714 386 2778 quum
421 2694 451 2760 S.
478 2695 685 2780 Hieronymus
715 2696 855 2761 nominat
878 2697 1065 2760 senteutiam
1089 2696 1263 2775 absurdam,

41 2797 497 2866 010000001100001110001.
521 2797 599 2882 Ill)
623 2797 698 2865 Can.
724 2799 760 2863 l:
793 2799 909 2883 »siquis
940 2799 1114 2865 fabulosam
1143 2801 1262 2865 animn-

41 2923 86 2966 nu
106 2902 378 2986 praeexistentiam
401 2907 442 2979 et,
467 2922 546 2984 quae
570 2921 605 2966 ex
626 2902 682 2968 illa
705 2903 913 2987 consequitur,
935 2903 1266 2970 monstruosamresti-

41 3009 168 3072 tutionem
196 3007 373 3084 asseruerIt,
396 3006 564 3072 anathema
585 3007 695 3090 0111)(
728 3007 900 3073 Recentiori
923 3009 1061 3091 tempore
1085 3009 1196 3074 revixit
1216 3009 1265 3074 hiu

40 3132 100 3176 error
122 3111 269 3195 opinione
291 3110 612 3175 Laibnitzii-Bonuet:
640 3110 1106 3194 ›llinschaehtelungssystem‹

119 3218 151 3283 3.
192 3215 406 3298 Asclepiades,
442 3214 639 3292 Heraclides,
673 3213 769 3279 Stoici
803 3213 943 3278 nonnulli
973 3214 1262 3302 Oabbulistae(1b·
1291 3229 1297 3242 “

24 3321 104 3412 100)
135 3320 307 3396 Aristoles,
333 3319 541 3397 Democritus,
565 3319 786 3396 Anaximenes,
808 3317 1028 3399 Empedocles,
1056 3318 1227 3403 Leucippus
1237 3320 1264 3405 ²)
1358 3357 1362 3364 ,

24 3425 157 3490 «inruisse
184 3424 360 3487 relsruntur
383 3423 519 3487 animaru
541 3441 597 3487 nec
620 3421 715 3488 loetui
740 3419 1265 3500 0001010011100000,0001010001

40 3541 156 3610 empore
180 3527 364 3611 pubertatis,
386 3526 418 3590 id
441 3529 489 3592 est
511 3530 581 3609 post
604 3529 737 3608 parturn,
762 3525 843 3608 quoe
867 3526 1030 3591 recentiori
1055 3527 1158 3592 001010
1181 3526 1265 3592 inter

41 3630 97 3696 ulios
118 3637 152 3696 et
177 3631 370 3713 (1001001008)
391 3629 505 3696 docuit.

123 3771 150 3838 1)
170 3769 205 3825 01.
224 3768 403 3824 S.'I'bom.1.
423 3787 447 3838 q·
468 3769 501 3824 76
518 3787 542 3824 a.
564 3770 586 3822 1.

123 3857 153 3924 2)
171 3855 262 3911 Later.
280 3855 336 3921 IV,
354 3853 454 3912 concil.
472 3855 606 3921 chalced..
626 3855 727 3911 (100011.
744 3855 820 3912 Vien.
833 3856 907 3922 1311,
926 3855 1046 3926 Symbol.
1065 3856 1198 3914 Athones.
1211 3860 1262 3914 010.

42 3941 88 3994 ten.
108 3943 193 4008 11.1;
217 3944 302 3998 Mutb.
318 3944 360 3998 10.
381 3945 434 4009 28;
455 3943 518 3998 Luc.
538 3945 563 4008 8,
581 3945 630 4008 55,
652 3944 666 3996 1
686 3941 745 3997 (lor.
762 3944 787 3999 1.
809 3944 910 3999 34010.

124 4031 152 4098 3)
171 4029 205 4084 ci.
227 4030 546 4100 Historlsohpsycholog.
565 4029 810 4100 Uutersuchuugen
830 4030 895 4085 iiber
912 4029 964 4085 don
983 4031 1125 4102 Urspruug
1144 4031 1197 4086 und
1216 4031 1264 4086 dar

42 4112 117 4170 lieren
135 4117 184 4172 (lar
202 4115 399 4172 menschlichen
418 4117 495 4172 Seele
514 4117 665 4188 uberhaupt
690 4117 744 4171 und
769 4118 834 4172 iiber
858 4117 901 4172 die
920 4117 1073 4187 Beseeluug
1094 4117 1142 4173 des
1163 4117 1266 4173 Xiudas

42 4199 212 4258 lnsbesondare
231 4221 283 4258 von
301 4205 348 4258 Dr.
368 4205 432 4262 Jos.
453 4206 650 4269 3000100000,
670 4203 788 4259 1101011.
807 4205 950 4273 stuttgart
962 4205 1016 4260 und
1029 4203 1171 4274 ‘I'ilbiugsn
1188 4203 1264 4262 1851.

44 4301 89 4356 rag.
106 4291 130 4353 3,
148 4293 174 4352 i,
192 4291 234 4356 23,
254 4291 289 4345 24
307 4293 358 4345 otc.

126 4379 155 4443 1)
175 4377 279 4436 Patrol
297 4377 389 4432 Graec.
410 4381 446 4433 to.
465 4377 561 4432 XLIV.
579 4394 642 4447 pag.
661 4377 711 4433 230
728 4392 803 4448 seqq.

128 4551 155 4618 s)
177 4553 360 4622 Denainper,
383 4549 557 4605 Euchiridion
575 4554 624 4607 010.
645 4569 670 4607 0.
691 4551 748 4606 181.

131 4637 158 4705 i)
177 4639 377 4702 Ennomosar,
396 4638 414 4692 l.
431 4654 454 4692 0.
473 4653 537 4708 pag.
554 4639 580 4702 9,
599 4637 639 4703 Il,
659 4637 699 4702 lt,
717 4635 760 4700 26,
778 4637 821 4702 33,

130 4723 412 4794 3110000000οΛ.
429 4739 451 4780 r.
469 4739 532 4794 pag.
552 4723 578 4780 i.
