3142 5204
265 309 307 374 90
449 331 663 395 Hctdearca'cb,
684 330 764 385 Diae.
780 331 817 384 tre
834 344 895 384 cua.
913 329 969 383 ult.
987 332 1083 384 conat.
1102 328 1208 398 etpost.
1226 326 1321 384 Sedis.

768 501 987 568 Procuruates.

367 638 443 720 Quis
466 657 632 722 procurans
660 639 801 704 abortum
828 638 1025 722 intelligatur
1054 637 1182 721 ideoque
1211 637 1518 703 excommunicatio·

263 760 333 806 nem
355 742 509 822 incurrat,
541 745 681 808 auctores
712 762 769 807 non
793 743 884 826 plane
907 739 1111 808 consentiunt.
1158 741 1244 807 Unde
1267 741 1393 806 uberius
1417 741 1445 806 Ι.
1475 741 1518 806 de

263 844 401 910 subiecto
424 865 569 911 censurae
593 848 624 912 et
646 846 688 911 Il.
712 846 750 912 de
773 846 1000 913 conditionibus
1023 845 1122 929 quoad
1146 844 1321 910 subiectum
1344 863 1517 911 censurae.

366 949 392 1014 I.
431 948 609 1015 Subiectum
632 969 777 1015 censurae
800 949 905 1033 colligi
929 948 1039 1014 debere
1061 949 1183 1015 ridetur
1213 967 1248 1014 ex
1272 947 1518 1015 Constitutione

264 1051 348 1118 atera
376 1053 410 1118 V.
423 1053 447 1136 ¹)
469 1072 547 1136 quae
570 1053 695 1136 incipit:
731 1054 988 1132 ›Effraenatam‹
1019 1051 1147 1137 ideoque
1170 1071 1317 1118 censurae
1341 1052 1519 1118 subiacent

267 1173 390 1220 »omnes
413 1158 444 1221 et
470 1157 643 1241 quicunque
672 1159 738 1222 tam
768 1158 827 1223 viri
855 1175 949 1240 quam
979 1157 1122 1222 mulieres
1149 1155 1358 1240 cuiuscunque
1391 1157 1517 1233 status,

264 1258 395 1342 gradus,
422 1261 536 1325 ordinis
558 1281 594 1326 ac
617 1261 801 1326 conditionis
822 1261 915 1327 etiam
940 1259 1044 1326 clerici
1066 1259 1257 1340 saeculares,
1288 1260 1337 1325 uel
1368 1259 1518 1326 cuiusvis

264 1362 380 1428 ordinis
404 1365 583 1448 Regulares,
608 1365 716 1449 quavis
739 1364 893 1448 dignitate
916 1365 947 1429 et
970 1362 1212 1448 praeeminentia
1229 1362 1443 1430 ecclesiastica
1461 1364 1517 1429 vel

264 1467 420 1532 mundana
442 1467 608 1552 fulgentes,
631 1469 683 1552 qui
708 1516 765 1536 ...
790 1488 841 1551 per
864 1487 897 1533 se
920 1469 975 1533 aut
997 1467 1196 1551 interpositas
1215 1485 1360 1552 personas
1376 1467 1517 1532 abortus

265 1587 317 1634 seu
341 1570 439 1635 foetus
464 1626 471 1638 .
495 1622 502 1636 .
526 1622 533 1638 .
556 1571 737 1638 eiectionem
756 1573 1014 1655 procuraverint«

367 1672 468 1754 Quare
488 1675 618 1741 incurrit
639 1676 1005 1742 excommunicationem:
1037 1679 1068 1757 a)
1099 1677 1151 1760 qui
1181 1696 1235 1760 per
1262 1693 1311 1756 se,
1343 1675 1363 1740 i.
1388 1694 1415 1742 e.
1442 1674 1517 1758 ipse

265 1777 405 1842 abortum
429 1783 589 1860 procurat,
623 1779 796 1864 quicunque
819 1781 882 1859 est,
918 1799 990 1863 ergo
1016 1781 1048 1845 et
1071 1780 1182 1846 mulier
1205 1798 1391 1864 praegnans,
1428 1798 1517 1861 quae

264 1881 371 1964 quavis
395 1900 546 1947 excausa
579 1883 635 1949 boc
658 1887 819 1968 peccatum
840 1885 871 1948 in
896 1903 926 1949 ae
949 1885 1016 1968 ipsa
1039 1885 1228 1950 commiserit
1242 1887 1288 1966 ²);
1318 1881 1462 1947 medicus
1474 1885 1514 1966 ³),

264 1984 317 2066 qui
340 1985 459 2068 proprio
482 1988 583 2052 mortu
603 1987 634 2051 in
658 1986 785 2054 muliere
804 1990 1010 2072 praegnante,
1034 1989 1174 2072 excepto,
1203 1989 1238 2052 ut
1259 1986 1399 2066 videtur,
1433 2005 1516 2052 casu

264 2106 356 2171 snpra
379 2089 483 2169 allato,
507 2092 658 2169 abortum,
681 2093 846 2176 perpetrat,
869 2091 927 2157 nisi
944 2092 1005 2156 alia
1021 2111 1056 2157 ex
1072 2092 1190 2156 ratione
1206 2090 1324 2156 medico
1340 2091 1516 2172 emergunt

264 2191 514 2259 circumstantiae
527 2197 705 2260 excusantes
720 2197 879 2278 peccatum
894 2215 987 2279 grave
998 2195 1168 2261 formaliter
1182 2233 1220 2243 -
1233 2215 1260 2260 v.
1275 2215 1304 2277 g.
1317 2192 1516 2259 indelibera-

263 2295 308 2361 tio
332 2321 394 2374 -3
430 2317 500 2362 nam
530 2299 710 2364 constitutio
733 2299 830 2364 Piana
863 2319 921 2364 non
953 2299 1119 2384 distinguit
1148 2299 1229 2363 inter
1259 2298 1515 2381 procurationem

265 2400 390 2466 abortus
411 2401 550 2467 libidinis
572 2405 695 2468 tautum
715 2421 807 2468 causa
827 2406 860 2469 et
877 2403 1049 2482 necessarii,
1074 2405 1110 2468 ut
1125 2403 1222 2481 aiunt,
1248 2400 1375 2467 remedii
1394 2401 1516 2468 salutis

265 2505 366 2569 uxoris
389 2524 490 2573 causa.

368 2608 455 2690 Quod
477 2610 652 2693 specialiter
676 2611 796 2694 spectat
818 2611 856 2676 ad
880 2610 1024 2676 mulieres
1047 2611 1079 2674 in
1106 2629 1137 2675 se
1167 2611 1234 2694 ipsa
1261 2610 1405 2675 abortum
1438 2630 1515 2692 pro·

163 2729 165 2733 ⁴
265 2714 408 2777 curantes
443 2732 520 2778 »non
543 2713 712 2779 minoribus
739 2713 1007 2780 difficultatibus.
1032 2764 1039 2779 .
1067 2713 1276 2798 .implicita.
1302 2765 1308 2779 .
1332 2764 1339 2781 .
1363 2715 1514 2796 quaestio

265 2816 427 2897 reperitur,
459 2835 520 2899 qua
542 2817 682 2882 doctores
703 2820 873 2900 quaerunt:
909 2822 1012 2882 utrum
1036 2819 1116 2883 inter
1138 2817 1336 2900 procurantes
1360 2818 1514 2882 abortum

266 2919 377 2982 mulier
398 2938 572 3003 praegnans
606 2920 647 2987 sit
678 2922 862 2986 recensenda
894 2922 1021 3006 ideoque
1055 2921 1363 2987 excommunicationi
1389 2921 1514 2986 Pianae

265 3021 464 3089 subiicienda.
521 3023 624 3106 Atque
647 3025 714 3088 tum
738 3024 769 3088 iu
801 3025 895 3089 veteri
918 3027 985 3090 tum
1004 3026 1037 3089 in
1061 3043 1136 3090 noro
1166 3026 1232 3090 iure
1262 3024 1412 3089 Doctores
1443 3025 1513 3090 dis·

265 3124 384 3191 cordias
415 3129 521 3209 agunt.
571 3127 605 3191 ln
627 3129 724 3193 veteri
747 3129 868 3212 quidem
893 3130 958 3194 iure
985 3127 1201 3212 Boeotium),
1224 3128 1273 3193 cui
1297 3130 1328 3194 et
1352 3128 1409 3192 alii
1432 3130 1513 3193 sub-

265 3229 460 3313 scripserunt,
483 3231 660 3296 affirmabat
682 3231 825 3297 mulieres
848 3236 1062 3316 praegnantes,
1086 3251 1163 3315 quae
1186 3232 1328 3297 abortum
1344 3251 1514 3315 procuras-

264 3336 352 3412 sent,
389 3335 696 3401 excommunicationi
726 3335 879 3401 snbicctas
903 3335 1014 3412 fuisse,
1047 3336 1120 3420 quia
1146 3335 1249 3404 textus
1277 3335 1415 3418 loquitur
1449 3355 1512 3400 non

265 3437 363 3502 solum
386 3437 424 3502 de
447 3440 690 3520 cooperantibus,
715 3439 945 3517 verumetiam,
970 3439 1007 3504 de
1030 3440 1069 3504 iis
1092 3459 1170 3523 quae
1189 3440 1237 3504 rel
1259 3441 1298 3503 ut
1318 3438 1513 3522 principales

264 3539 312 3605 vel
333 3544 369 3605 ut
391 3541 491 3607 sociae
514 3543 689 3608 consciaeve
712 3543 750 3607 ad
772 3542 838 3608 tale
861 3542 976 3608 crimen
999 3542 1256 3608 committendum
1291 3561 1395 3624 opem,
1433 3561 1513 3607 con-

265 3644 385 3723 silinm,
409 3644 544 3711 favorem
568 3648 625 3712 etc.
650 3647 853 3724 contulerint;
886 3645 987 3730 legem
1010 3647 1116 3711 autem
1137 3645 1336 3711 manifestam
1361 3663 1445 3710 esse:
1474 3665 1513 3712 ac

265 3748 359 3812 etiam
383 3751 587 3833 praegnantes
610 3750 693 3833 ipsas
715 3750 877 3828 mulieres,
910 3769 988 3833 quae
1018 3749 1151 3815 scienter
1174 3749 1341 3832 praemissa
1364 3747 1511 3815 fecerint.

265 3852 334 3916 Non
369 3870 434 3917 esse
468 3856 571 3919 autem
595 3853 823 3935 excipiendum,
857 3855 937 3938 quod
971 3853 1003 3917 in
1035 3851 1093 3917 bae
1123 3854 1151 3936 g.
1178 3855 1192 3916 l
1228 3853 1337 3918 Xistus
1360 3852 1511 3918 abortum

265 3956 499 4038 procurantibus
521 3975 632 4040 poenas
655 3959 777 4022 tantum
802 3957 961 4022 homicidii
983 3957 1131 4038 imponat,
1166 3975 1225 4021 uon
1254 3958 1358 4021 autern
1383 3975 1511 4022 excom·

264 4059 522 4137 manicationem;
553 4060 632 4126 banc
662 4061 742 4126 enirn
776 4061 908 4144 imponit
942 4062 969 4145 ξ.
994 4061 1023 4139 7,
1054 4079 1115 4143 qua
1141 4079 1246 4125 omnes
1275 4060 1509 4143 complectitur,

264 4163 317 4246 qui
340 4163 387 4227 vel
410 4181 487 4245 quae
508 4164 557 4229 vel
576 4165 612 4228 ut
633 4164 816 4248 principales
838 4166 887 4230 vel
910 4165 956 4229 uti
980 4163 1079 4230 sociae
1102 4165 1244 4229 abortum
1270 4170 1443 4246 procurent.

370 4389 394 4456 1)
413 4387 476 4442 d.d.
495 4389 537 4444 29.
557 4388 670 4444 October
689 4390 763 4446 1588.

367 4475 395 4542 2)
414 4476 459 4530 Dr.
480 4477 602 4541 Hoerner,
621 4478 639 4532 l.
658 4493 680 4532 c.
698 4494 761 4547 pag.
778 4478 837 4532 als.

367 4561 394 4632 3)
413 4563 447 4618 of.
466 4566 558 4618 tamen
578 4565 721 4630 Bcaurdr‘,
739 4565 757 4620 l.
776 4582 798 4620 o.
816 4565 851 4620 11.
869 4583 894 4620 rr.
914 4565 972 4621 884.
992 4565 1067 4620 1262.
1096 4565 1129 4621 cf.
1148 4566 1219 4621 infra
1238 4583 1301 4638 pag.
1320 4567 1382 4622 382.

367 4649 395 4718 4)
414 4647 447 4706 de
465 4665 563 4706 excom.
581 4651 610 4705 in
627 4651 698 4720 part.
718 4667 744 4722 q.
761 4651 798 4706 11.
816 4654 907 4722 punct.
924 4651 974 4708 IX.
992 4670 1018 4708 n.
1039 4651 1079 4706 13.
