3142 5204
302 287 343 350 82
485 300 695 367 Heideareicb,
717 302 797 359 Diae.
814 305 851 357 ia
870 318 932 359 aaa.
951 305 1006 359 ait.
1023 309 1119 360 nonai.
1137 305 1240 374 Apost.
1259 305 1356 362 Sedie.

404 473 437 539 Si
456 491 536 538 nnne
551 475 765 557 computamus
781 491 886 539 omnes
901 477 1039 554 eventus,
1056 469 1204 541 resultat:
1225 475 1338 542 ox100
1356 477 1550 544 mulieribus

300 578 393 645 sectis
416 577 576 644 salvantur
598 576 721 644 eiroiter
744 578 817 658 56,5
841 580 872 643 et
894 578 1067 643 moriuntur
1082 579 1165 660 43,5,
1190 599 1263 646 sane
1278 580 1351 646 felix
1367 585 1551 668 prognosis,

299 702 368 749 oum
382 683 598 768 recogitemus,
613 681 645 744 in
662 677 732 746 aliis
748 682 928 748 necessariis
941 682 1168 767 operationibus
1183 684 1281 768 perire
1295 686 1418 753 oiraiter
1431 689 1473 751 49
1491 691 1550 768 ⁰l0.

400 805 437 869 Iu
460 802 615 887 Hospitali
636 820 798 887 aegrorum
819 802 902 868 enim
924 805 1092 872 Parisiensi
1103 803 1128 890 1)

606 923 721 989 mortui
743 926 815 988 sunt
839 943 874 990 er
898 926 959 991 100
982 927 1190 1010 operationem
1210 929 1324 1010 passis:

606 1042 641 1090 er
665 1027 894 1110 ampulatione:
1154 1031 1195 1096 62

606 1148 640 1195 er
663 1131 882 1197 oratiotomia:
1152 1135 1194 1198 33

606 1251 642 1298 er
665 1233 892 1303 herniotomiu:
1151 1235 1191 1300 47

605 1355 641 1401 er
664 1337 874 1420 amputatione
897 1340 1127 1404 membremm:
1150 1339 1193 1403 44

606 1459 640 1506 ex
663 1440 733 1505 aliis
755 1442 1005 1523 operationibus:
1147 1443 1221 1523 59,5

1144 1565 1233 1645 49,10

395 1683 465 1748 Non
488 1683 537 1746 est
559 1699 650 1765 ergo,
681 1700 736 1747 our
762 1682 924 1765 loquamur
952 1683 984 1748 io
1013 1684 1072 1748 hae
1105 1685 1282 1768 operatione
1303 1687 1341 1751 de
1363 1687 1459 1754 nimio
1488 1694 1549 1759 vei

292 1788 401 1854 maiori
426 1785 562 1870 periculo
585 1802 678 1867 qnam
699 1784 731 1848 in
751 1784 814 1850 alia
837 1787 1017 1851 necessaria.
1062 1787 1095 1852 si
1120 1789 1231 1856 medici
1251 1789 1285 1855 in
1304 1789 1441 1858 fauorem
1466 1815 1551 1878 per·

289 1891 451 1959 forationis
482 1890 514 1955 et
543 1888 670 1953 abortus
692 1887 890 1968 contendunt,
926 1891 1091 1974 prognosin
1120 1892 1206 1958 iliius
1240 1911 1306 1959 esse
1338 1894 1550 1982 faustiorem,

290 2016 360 2062 enni
381 1995 481 2060 mater
503 1992 717 2075 perforationis
738 1990 952 2059 instrumentis
974 2012 1033 2059 non
1057 1994 1217 2076 laedatur,
1247 1997 1275 2062 si
1303 1999 1550 2085 praevideatur,

289 2104 321 2166 et
343 2100 406 2164 alia
428 2096 564 2182 pericula
585 2113 644 2161 non
667 2095 809 2174 existant,
833 2096 938 2162 tamen
962 2116 1073 2181 negare
1099 2117 1159 2164 uon
1182 2101 1355 2187 passuum),
1379 2123 1547 2188 perquam

289 2204 405 2268 multas
428 2202 543 2265 matres
566 2199 652 2264 mori.
698 2197 775 2265 (iarn
798 2201 904 2266 antem
922 2199 1093 2268 Sobroarier
1114 2203 1208 2282 dieat,
1230 2204 1262 2268 id
1286 2206 1425 2272 accidere
1449 2217 1548 2294 post,

289 2325 347 2373 non
372 2305 494 2389 propter
516 2302 768 2385 perforationem,
801 2302 928 2368 eandem
960 2323 1084 2370 oausam
1114 2307 1146 2372 et
1172 2307 1202 2370 in
1227 2306 1360 2374 favorem
1387 2311 1550 2396 hystero-

287 2410 401 2476 tomiae
423 2425 532 2474 voeare
551 2425 727 2490 possumus,
751 2405 843 2472 sieuti
867 2408 899 2472 et
920 2407 998 2474 alias
1020 2427 1129 2476 causas
1149 2411 1249 2476 exitus
1273 2413 1421 2494 infelicis,
1453 2423 1549 2500 puta

286 2512 453 2579 tardiorem
477 2510 699 2576 adhibitionem
724 2511 816 2576 huius
842 2513 1036 2594 operationis.

390 2632 425 2697 Id
446 2633 552 2697 autem
574 2629 686 2696 medioi
709 2632 810 2696 omino
833 2633 996 2717 negligunt
1022 2633 1201 2719 plerumque
1228 2637 1261 2701 in
1292 2638 1374 2704 iuste
1404 2641 1548 2713 diiudi-

285 2738 383 2804 oanda
403 2735 607 2819 perforatione
631 2738 663 2800 et
685 2736 818 2801 sectione
841 2755 1000 2817 caesarea,
1032 2738 1083 2821 agi
1116 2740 1198 2804 enim
1231 2741 1270 2806 de
1290 2742 1410 2810 duabus
1441 2748 1550 2834 vitis,

285 2861 344 2907 non
367 2841 404 2905 de
421 2858 492 2905 una.
524 2839 565 2903 Et
586 2838 642 2902 sub
664 2837 720 2902 hoo
741 2838 825 2903 insto
847 2843 987 2923 respectu
1011 2841 1265 2925 hysterotomiam
1289 2847 1550 2928 praeferendam

284 2964 350 3011 esse
365 2941 571 3027 perforationi,
595 2941 664 3024 quis
686 2944 801 3025 neget?
833 2940 1034 3010 Sacrificatur
1056 2946 1137 3011 enim
1151 2947 1258 3030 utique
1277 2967 1398 3033 semper
1415 2953 1449 3018 in
1472 2957 1551 3027 hac

282 3048 456 3132 operatione
469 3046 533 3110 vita
545 3044 682 3122 infantis,
705 3064 764 3110 non
787 3049 891 3111 autem
908 3047 949 3113 in.
965 3047 1028 3116 illa.
1055 3049 1098 3113 Er
1117 3050 1177 3115 100
1192 3050 1275 3116 enim
1290 3053 1395 3120 liberis
1409 3059 1552 3134 salvati

281 3154 353 3218 sunt
375 3149 509 3216 sectione
524 3167 666 3214 caesarea
681 3149 767 3214 iuxta
787 3149 944 3217 Seoaaoai
958 3153 1009 3231 65,
1032 3153 1203 3220 Michaelis
1225 3157 1256 3220 et
1279 3158 1451 3228 Hermann
1476 3168 1550 3250 67,

280 3255 367 3321 iuxta
389 3255 508 3321 Kaisar
531 3254 582 3332 70,
604 3252 691 3317 inrta
711 3253 884 3320 Wlieaauae
908 3256 948 3321 72
958 3257 995 3338 ³).
1030 3254 1063 3322 Si
1085 3275 1166 3323 nuno
1189 3260 1411 3343 oonoludimns,
1438 3271 1552 3341 valet

523 3393 559 3440 er
582 3373 733 3439 matribus
773 3373 834 3439 100
857 3376 1018 3441 salvantur
1040 3375 1163 3444 oireiter
1193 3379 1266 3458 56,5

520 3497 556 3543 er
577 3477 747 3544 infantibus
771 3479 832 3542 100
922 3515 962 3526 -
1086 3517 1126 3528 -
1192 3483 1266 3560 68,5

768 3600 832 3664 200
988 3637 1031 3650 -
1175 3604 1237 3668 125

277 3745 346 3790 oum
375 3723 408 3789 in
436 3718 640 3806 perforatione
669 3720 841 3786 infantibus
874 3740 993 3806 semper
1014 3723 1124 3789 delatis
1146 3743 1182 3790 er
1203 3726 1266 3790 200
1289 3727 1329 3791 ad
1357 3747 1548 3811 summum

276 3830 434 3895 salventur
456 3826 570 3891 matres
592 3825 633 3889 82
642 3825 679 3909 ⁴).
726 3824 946 3890 Adnotandum
975 3827 1039 3906 esf,
1069 3829 1101 3893 et
1130 3827 1162 3892 in
1196 3829 1306 3895 abortu
1333 3844 1547 3918 prognosim

275 3951 333 3998 non
354 3932 489 3998 faustam
504 3947 571 3994 esse
585 3928 689 4007 matri,
712 3947 782 3993 enm
798 3928 895 3994 nimia
910 3930 1069 4013 sanguinis
1084 3931 1202 4010 effusio,
1218 3932 1315 3999 nimia
1331 3936 1430 4003 animi
1450 3961 1549 4026 per-

273 4035 419 4115 turbatio,
444 4043 550 4119 partus
573 4036 739 4101 immaturo
761 4037 908 4119 tempore,
929 4036 1078 4120 reliquiae
1100 4056 1225 4104 ovorum
1247 4038 1278 4102 iu
1302 4042 1390 4106 utero
1412 4064 1548 4122 rema.

274 4141 380 4204 nentes
402 4138 494 4206 aliive
517 4140 616 4205 morbi
636 4140 860 4222 subsequentes
879 4140 942 4206 fere
961 4140 1083 4206 tantam
1106 4143 1187 4208 teste
1207 4141 1416 4225 nuperumque
1434 4161 1549 4232 peri.

272 4242 466 4308 eulositatem
489 4243 647 4323 indurant,
672 4245 821 4326 quantam
844 4243 939 4310 seatio
962 4261 1110 4314 caesarea.

375 4395 401 4464 1)
420 4397 454 4450 Α.
473 4397 515 4462 li,
534 4397 552 4452 l.
571 4414 675 4468 apag.
695 4397 755 4454 271.

374 4481 401 4550 2)
422 4482 598 4550 Sobroader,
618 4484 637 4538 l.
656 4501 678 4541 a.
697 4501 760 4556 pag.
778 4485 836 4540 339.

372 4567 400 4635 3)
420 4568 631 4636 Capellmaarr,
651 4570 683 4626 de
702 4571 777 4626 oeois.
796 4571 859 4628 foet.
878 4589 941 4642 pag.
959 4571 1000 4630 36.

372 4651 400 4724 4)
421 4652 634 4726 Oupeiimaarr,
652 4657 686 4714 de
703 4674 755 4716 oco.
775 4658 794 4715 f.
811 4676 874 4730 pag.
894 4660 936 4716 65.
