3142 5204
304 339 347 408 32
487 359 699 426 Heidenretch,
719 358 798 416 Dtas.
814 359 851 415 tn
869 376 931 418 cas.
951 361 1005 416 ati.
1025 363 1121 416 const.
1141 361 1247 432 Apost.
1265 359 1361 418 Sedes.

410 531 459 597 Ite
489 550 561 614 ergo
590 532 672 598 docti
704 533 780 598 iuris
812 531 963 598 naturalis
991 533 1103 598 intenti
1131 532 1179 598 ius
1204 531 1329 598 vivendi
1350 533 1506 597 tribuunt
1521 531 1549 614 ¹)

306 635 392 702 Unde
423 637 454 700 et
483 637 562 720 legis
592 637 706 702 latores
744 656 802 702 nou
833 636 1070 716 dubitaverunt,
1110 637 1260 720 postumia
1297 637 1451 702 uonnulla
1488 637 1550 700 ium

305 761 332 806 v.
357 759 386 824 g.
411 740 604 806 hereditsurli
627 741 705 806 bona
727 741 864 824 parentis
889 741 1060 818 vindicare3
1093 761 1111 806 a
1135 739 1254 806 fortiori
1278 759 1351 824 ergo
1375 741 1484 806 toetus
1512 740 1550 804 iun

306 845 426 910 vivendi
450 845 508 910 sihi
533 846 686 928 postulare
708 847 822 929 potest,
853 865 912 928 quo
942 846 1070 911 cedente
1093 845 1196 910 onmia
1219 846 1282 910 alia
1304 846 1384 910 bonu
1410 845 1459 910 nil
1486 864 1550 928 pro·

304 952 426 1034 eunte).
474 949 522 1014 lta
543 969 569 1016 v.
594 971 623 1033 g.
647 949 749 1014 codice
774 949 857 1014 civili
882 950 914 1014 iu
943 950 1192 1033 Francogallia³t
1220 969 1276 1015 ovo
1309 950 1460 1014 muliebri
1494 949 1550 1014 foe

304 1055 437 1120 condato
461 1053 573 1135 (scelui
596 1053 648 1137 qui
670 1057 717 1118 est
738 1053 867 1139 ronco«)
891 1053 939 1119 ius
961 1053 1159 1118 hereditaudi
1183 1054 1377 1132 attribuitur,
1403 1053 1425 1118 i.
1444 1073 1473 1120 e.
1497 1072 1550 1116 nor

304 1159 369 1224 sola
390 1158 457 1223 iura
479 1158 624 1236 humana,
645 1156 698 1222 sed
722 1157 816 1224 etiam
840 1157 969 1224 socialia
982 1159 1019 1241 ⁴).

409 1262 478 1327 Huc
499 1263 691 1328 referendum
716 1263 779 1341 est,
809 1262 889 1345 quod
919 1262 1005 1346 leges
1029 1263 1212 1328 Germaniae
1237 1281 1273 1328 ne
1296 1263 1465 1345 postumus
1491 1264 1550 1327 iurr

304 1366 442 1451 privetur
464 1367 641 1450 prohibent,
671 1367 834 1449 quominus
856 1367 1000 1432 defuncto
1022 1367 1133 1432 marito
1156 1367 1221 1432 eius
1245 1387 1318 1433 uror
1341 1371 1419 1432 aute
1446 1387 1550 1432 uoveu

305 1490 433 1550 menses,
456 1473 483 1536 si
505 1471 652 1554 suspicari
676 1474 778 1554 potest
794 1491 860 1536 earn
878 1473 1062 1555 concepisse,
1084 1471 1182 1538 denuo
1201 1473 1439 1538 matrimonium
1458 1473 1548 1537 ineat

408 1576 515 1654 Adde,
542 1575 622 1660 quod
652 1576 713 1640 tere
747 1594 850 1642 omues
882 1579 915 1640 et
938 1576 1023 1659 leges
1051 1579 1083 1640 et
1105 1576 1184 1660 legis
1206 1577 1347 1642 doctores
1371 1577 1550 1642 hominihus

305 1681 434 1746 rationis
460 1680 653 1763 expertibus,
683 1700 709 1744 v.
730 1700 761 1764 g.
790 1679 1000 1756 dementibus,
1034 1681 1159 1744 senibus
1189 1679 1377 1763 puerilibus,
1414 1681 1550 1764 graviter

305 1785 489 1863 vulneratis,
512 1784 564 1868 qui
584 1784 642 1850 etsi
662 1784 779 1861 sanati,
812 1783 890 1849 nihil
914 1784 1047 1867 amptius
1068 1784 1208 1850 laborare
1231 1788 1369 1868 possunt,
1394 1789 1459 1850 etc.
1485 1789 1545 1850 etc.

304 1889 352 1954 ius
375 1888 497 1954 vivendi
525 1890 644 1953 auterre
668 1906 725 1951 non
750 1887 882 1965 audent,
907 1887 1063 1970 quinimo
1087 1887 1171 1952 hisce
1194 1886 1344 1969 potiorem
1368 1887 1482 1972 legum
1508 1891 1542 1953 tn

304 1992 399 2057 telam
416 1991 598 2076 impertiunt
607 1994 644 2072 ὅ),
666 1990 813 2075 quoniam
829 2011 888 2056 uon
904 1994 952 2057 est
967 1991 1004 2055 de
1020 1991 1154 2056 essentia
1170 1991 1313 2069 hominis,
1332 1993 1452 2057 mentis
1469 2013 1545 2058 corn-

304 2099 405 2180 potem
430 2096 478 2161 rei
500 2114 605 2160 omnes
626 2097 658 2160 et
680 2095 775 2160 animi
800 2098 832 2160 et
854 2095 988 2178 corporis
1010 2095 1164 2178 potentias
1195 2095 1225 2158 in
1249 2099 1354 2160 actum
1385 2098 1546 2164 traducor·

304 2202 460 2284 potentem
484 2204 599 2278 esset).
646 2198 731 2280 Quae
763 2200 863 2264 tutela
893 2201 926 2264 et
957 2199 1004 2264 ius
1027 2199 1148 2265 vivendi
1172 2199 1285 2264 iterum
1310 2219 1329 2264 a
1353 2200 1479 2266 tortiori
1505 2205 1540 2266 at

303 2304 501 2370 tribuendum
523 2307 571 2369 est
594 2303 698 2384 ioetui,
722 2305 775 2387 qui
798 2323 866 2369 eam
891 2303 961 2368 aliis
986 2304 1197 2370 vehementius
1220 2304 1352 2388 flagitat.

659 2470 796 2535 Abortae
815 2475 887 2536 ante
906 2470 1012 2552 forum
1033 2469 1181 2554 deculopi.

409 2612 608 2693 Praeceptum
631 2609 665 2673 V.
689 2607 828 2692 decalogi
838 2608 863 2692 ²)
889 2608 1075 2692 generaliter
1098 2627 1218 2674 omnem
1243 2607 1433 2674 occisionem
1449 2608 1537 2674 homi

304 2713 352 2778 nis
375 2715 477 2779 vetat:
500 2732 605 2799 quum,
629 2713 707 2796 quod
732 2712 843 2777 mulier
865 2731 1037 2796 praegnans
1060 2713 1091 2776 in
1108 2714 1195 2778 utero
1210 2714 1325 2796 gestat,
1348 2714 1445 2778 homo
1464 2715 1539 2779 site

304 2817 354 2882 hie
379 2817 526 2901 abortu⁸)
548 2818 723 2892 occidatur,
754 2817 818 2882 tels
847 2813 967 2882 {acinus
995 2817 1175 2900 prohibetur
1198 2819 1360 2901 praecepto
1384 2817 1499 2900 quinto
1524 2837 1536 2884 ε

303 2920 414 2988 occisio
448 2919 548 2985 foetus
582 2920 613 2984 in
647 2921 733 2985 utero
769 2921 879 2985 matris
906 2939 1009 2986 verum
1039 2923 1071 2986 et
1093 2921 1239 2988 strictum
1262 2920 1471 2988 homicidium
1496 2941 1549 3002 esst

304 3024 432 3089 Minime
455 3041 603 3108 negemus
627 3023 702 3100 fieri,
726 3025 761 3087 ut
780 3023 940 3090 ¹interdum
964 3023 1075 3089 mulier
1097 3027 1187 3107 putet
1210 3043 1243 3092 se
1265 3025 1456 3108 concepisse,
1482 3047 1535 3092 cur

303 3147 381 3213 quse
405 3127 549 3192 dicuutur
572 3127 670 3192 molae
693 3127 725 3191 iu
749 3130 834 3193 utero
858 3129 923 3193 eius
946 3127 1026 3208 sint;
1056 3127 1112 3193 bas
1135 3147 1171 3194 cr
1194 3131 1283 3194 utero
1303 3129 1435 3209 eiicere,
1462 3131 1534 3196 dum

304 3233 391 3298 modo
415 3232 511 3298 molus
533 3232 656 3297 tautum
680 3251 746 3298 esse
766 3233 884 3298 certum
900 3232 951 3311 sit,
974 3251 1030 3298 non
1048 3233 1146 3298 vetari
1164 3233 1244 3298 inter
1259 3252 1364 3300 omnes
1381 3238 1532 3302 constat⁹

306 3336 501 3402 Innocentius
516 3335 570 3402 XI.
587 3354 666 3400 anuo
684 3335 767 3400 1679
785 3335 857 3402 dd.
874 3337 903 3404 2.
922 3335 1029 3402 Martii
1047 3336 1222 3420 reprobavit
1239 3338 1486 3420 propositionem
1499 3343 1548 3428 ¹⁰]¹

408 3508 432 3578 1)
450 3508 573 3565 Aseeclaa
592 3508 778 3564 Materialismi
796 3511 824 3564 et
843 3508 1012 3564 Pantheismi
1035 3509 1088 3565 sibi
1109 3509 1162 3578 ipsi
1182 3510 1386 3576 contradicunt,
1414 3515 1448 3566 ut
1467 3513 1531 3567 etiae

302 3597 330 3650 iu
348 3595 442 3652 multis
460 3595 521 3650 aliie
539 3595 632 3662 rebus,
660 3595 683 3650 si
707 3595 853 3650 tuitionem
879 3594 995 3650 hominis
1024 3596 1082 3650 nati
1108 3595 1282 3651 homicidium
1311 3599 1432 3662 notant,
1461 3599 1548 3652 inne*

302 3686 392 3740 autem
411 3681 506 3753 queris
524 3699 555 3738 ex
573 3699 652 3738 causa
671 3682 751 3738 licere
769 3679 915 3737 affirment

406 3770 433 3839 2)
456 3771 563 3836 huden,
583 3770 601 3824 l.
620 3786 642 3826 c.
659 3786 687 3838 p.
705 3769 764 3825 123.

406 3857 433 3923 31
453 3857 513 3912 Ars.
532 3857 590 3912 725.

404 3946 431 4009 4)
450 3943 497 3998 Dr.
517 3944 730 4014 eapeclmoen,
748 3942 790 3997 De
808 3942 938 3998 occisione
957 3941 1054 4008 foetus,
1072 3960 1098 4012 p.
1117 3943 1160 3998 22.

405 4030 431 4098 5)
450 4029 539 4086 Aliter
559 4031 682 4087 Fischer
700 4029 743 4085 ius
761 4032 817 4084 net.
836 4047 860 4097 p.
880 4029 923 4085 93.
1544 4053 1547 4062 e

404 4116 430 4186 6)
454 4118 581 4180 barson,
596 4108 617 4171 1.
635 4134 656 4172 o.
675 4133 700 4186 p.
718 4116 786 4173 546:
806 4116 883 4171 ‘weil
899 4114 990 4171 solohe
1013 4114 1212 4184 Ungldciriiche
1229 4114 1258 4169 iu
1272 4115 1468 4172 wirkliohteit
1488 4119 1547 4174 Pes,

299 4219 382 4259 eonon
400 4203 460 4258 sind
478 4203 534 4259 und
551 4203 595 4260 die
613 4203 730 4258 Miuutio
748 4203 796 4257 der
810 4201 1059 4272 Persoualqualitr'st
1073 4201 1118 4256 bei
1136 4201 1220 4258 ihnen
1236 4200 1296 4257 eine
1311 4201 1370 4257 rein
1390 4202 1547 4275 intellige:

405 4292 433 4359 r)
453 4291 534 4348 uxor.
554 4290 613 4357 xx,
635 4291 676 4346 rs.
1546 4269 1547 4298 ¹

405 4378 432 4447 8)
450 4381 479 4433 et
496 4376 680 4433 oreniotomia.

403 4466 430 4535 9)
449 4463 628 4534 Caeteroquin
647 4463 755 4532 expedit
774 4465 801 4517 et
818 4462 890 4533 ipsas
908 4463 992 4518 moles
1011 4463 1156 4525 dissecare,
1181 4465 1209 4517 et
1233 4461 1378 4532 inspicere,
1408 4481 1470 4518 oum
1494 4482 1523 4520 ur

297 4554 381 4611 semel
405 4554 432 4608 in
459 4553 497 4608 eis
518 4553 607 4608 foetus
629 4550 752 4605 inventos
770 4548 852 4604 fuisse
871 4550 917 4620 qui
935 4548 1068 4617 baptizari
1086 4550 1197 4619 possunt
1216 4552 1244 4604 st
1262 4549 1373 4616 debent,
1392 4551 1522 4622 experior
1545 4603 1546 4610 ,

300 4643 419 4698 tetoetur
435 4639 481 4708 (A.
502 4640 544 4705 ld,
561 4638 582 4693 l:
600 4654 621 4695 u
640 4654 701 4709 pag.
721 4637 795 4707 243).
1539 4643 1542 4650 ·

390 4728 433 4798 10)
451 4744 491 4799 pr.
506 4726 549 4792 at,
571 4728 671 4792 Herae,
689 4726 707 4781 1.
725 4741 748 4782 o.
766 4742 792 4780 n.
811 4723 887 4782 1052.
