3142 5204
278 323 319 389 84
459 342 671 410 Heidenrea'cb,
693 339 773 397 Dias.
791 343 827 396 ira
847 355 909 398 cas.
927 343 982 397 alt.
1000 345 1095 398 consi.
1113 343 1218 411 Aponi.
1237 343 1333 399 Sedis,

277 513 361 578 ximi.
407 512 476 577 lilio
505 515 608 578 autern
639 513 714 577 bene
745 511 881 578 advertit
913 512 1012 580 Oroirc
1034 513 1111 592 293,
1144 511 1225 596 quod
1261 515 1382 580 mortua
1415 517 1528 580 matre

276 616 383 680 statim
405 635 438 681 os
459 616 524 680 eius
546 616 754 699 aperiendum,
778 635 815 682 ne
836 616 936 681 infans
959 615 1154 681 suffocetur.‹

290 752 298 774 ·
382 721 464 784 Bene
486 720 626 786 illustrat
641 719 673 786 S.
695 719 855 804 Alpboucc'
869 719 1063 800 sententiam,
1088 719 1167 802 qnod
1184 720 1340 803 sequitur:
1367 721 1530 806 »insuper

276 823 366 906 putat
395 823 483 890 (loni.
514 823 627 888 Tonxn.
659 823 696 887 de
726 842 827 906 praec.
856 822 985 887 charit«
1017 841 1041 888 s.
1071 823 1101 886 4.
1130 825 1234 905 punct.
1260 825 1288 888 1.
1322 825 1418 889 eoncl.
1444 827 1465 888 2
1496 846 1529 892 v.

277 926 433 1010 Collig.3
466 929 498 990 et
521 925 609 990 Oroix
633 926 652 992 l.
678 926 707 992 6.
731 945 760 1010 p.
788 925 815 990 1.
836 945 865 992 n.
890 927 953 989 293
983 945 1053 990 cum
1085 926 1258 1010 Raymund.
1292 926 1358 992 Gob
1390 929 1450 993 etc.
1485 949 1531 993 cx

274 1030 389 1094 indicio
414 1029 617 1106 medicorum,
648 1029 723 1093 bene
751 1047 838 1110 posse
861 1031 993 1094 matrem
1017 1029 1112 1093 incidi
1134 1031 1167 1094 et
1189 1029 1339 1095 infantem
1364 1031 1530 1115 baptizari

274 1133 340 1198 sine
362 1135 460 1197 morte
482 1132 607 1196 matris:
632 1134 664 1196 et
686 1132 744 1197 hoo
767 1151 840 1197 casn
863 1132 970 1208 dicunt
990 1131 1077 1198 licite
1101 1132 1166 1198 fieri
1189 1134 1369 1200 incisionem
1392 1138 1424 1199 et
1449 1155 1530 1202 ma-

275 1241 354 1304 trem
377 1234 475 1301 teneri
495 1234 571 1318 pati,
594 1234 621 1298 si
644 1239 744 1299 mater
766 1235 808 1299 sit
832 1236 956 1300 robusta
980 1236 1011 1300 ot
1031 1235 1195 1321 chirurgus
1218 1237 1336 1320 peritus
1360 1289 1367 1304 .
1395 1291 1401 1304 .
1424 1289 1430 1302 .
1456 1239 1527 1303 Sed

276 1341 326 1405 hic
349 1339 472 1404 omnino
502 1338 577 1420 pnto
604 1337 854 1422 distingendum;
890 1357 961 1403 narn
994 1340 1133 1422 respectu
1168 1339 1208 1402 ad
1228 1340 1409 1424 chirurgum
1435 1342 1526 1421 «lico,

274 1449 351 1510 tunc
373 1463 444 1509 eum
465 1461 553 1526 posse
577 1442 710 1506 incidere
734 1443 883 1520 matrem,
912 1442 939 1506 si
969 1443 1141 1524 pericnlum
1164 1444 1273 1510 mortis
1297 1444 1382 1509 illius
1405 1445 1449 1510 sit
1469 1465 1528 1509 re-

275 1553 404 1626 motum,
425 1567 513 1613 secus
533 1547 559 1610 si
582 1546 753 1628 proximum
778 1547 832 1610 aut
855 1545 1090 1629 probabile
1115 1566 1174 1612 non
1197 1548 1271 1614 licet
1294 1551 1424 1614 matrem
1448 1569 1527 1632 pro·

275 1652 371 1718 babili
395 1651 529 1734 periculo
552 1649 661 1714 mortis
684 1668 850 1732 exponere:
877 1650 957 1732 qnod
981 1649 1151 1733 pericnlum
1175 1669 1236 1714 non
1258 1651 1347 1752 yideo
1362 1653 1526 1734 quomodo

276 1756 366 1822 vitari
390 1755 486 1838 possit
508 1754 539 1818 in
561 1755 625 1818 tam
650 1754 738 1837 gravi
762 1753 918 1832 incisione,
943 1754 1068 1820 rideant
1088 1754 1209 1837 periti«

377 1860 453 1926 dum
477 1860 581 1922 antem
605 1857 682 1922 artis
705 1855 874 1922 medicinae
898 1876 1059 1942 progressu
1082 1857 1191 1923 mortis
1213 1858 1324 1922 matris
1340 1859 1519 1940 perieulum

275 1967 306 2030 in
328 1963 462 2029 sectione
485 1979 637 2038 caesarea,
661 1962 696 2023 ut
719 1979 754 2024 ex
778 1960 900 2025 collatis
919 1979 1012 2044 supra
1036 1962 1171 2026 numeris
1193 1961 1334 2045 colligas,
1360 1981 1417 2027 non
1441 1983 1521 2045 pro-

275 2068 409 2134 babilius
439 2065 480 2129 sit
514 2082 568 2129 nee
602 2063 702 2128 maius
738 2063 800 2128 irno
836 2064 936 2129 minus
970 2083 1063 2147 qnam
1097 2065 1130 2129 in
1165 2065 1235 2130 aliis
1269 2065 1520 2148 operationem,

275 2169 483 2256 quaerendum
506 2186 587 2232 nunc
609 2169 677 2235 est:
709 2187 781 2231 num
812 2167 906 2232 liceat
934 2167 1026 2231 alicui
1055 2168 1180 2253 (matri,
1212 2186 1290 2251 quae
1316 2188 1389 2235 suae
1418 2172 1524 2236 saluti

275 2274 432 2358 providere
455 2272 570 2355 potest)
599 2271 636 2335 ob
666 2269 781 2335 iustam
805 2289 930 2336 cansam
952 2271 1030 2356 (soil.
1055 2273 1090 2336 ut
1112 2272 1221 2340 infans.
1247 2273 1422 2356 baptizetur
1443 2277 1524 2357 etc.)

274 2398 306 2444 se
328 2395 474 2460 exponere
490 2375 598 2440 mortis
614 2372 769 2457 periculo?
794 2375 827 2438 ld
847 2393 936 2440 nemo
952 2376 1121 2459 negaverit.
1152 2377 1338 2442 Tomboriui
1352 2377 1461 2442 scribit
1474 2379 1503 2464 ¹)
1517 2403 1524 2446 :

277 2483 383 2546 »Tunc
405 2479 554 2544 indirecte
578 2479 646 2560 quis
670 2477 784 2542 dicitur
807 2496 838 2542 se
861 2478 1007 2558 occidere,
1033 2498 1102 2544 curn
1119 2477 1236 2562 aliquid
1251 2479 1338 2563 ponit
1355 2479 1403 2543 vel
1420 2481 1524 2543 ornit-

273 2586 322 2662 tit,
347 2602 405 2667 quo
428 2583 527 2666 posito
551 2581 598 2646 vel
621 2581 733 2646 omisso
758 2600 838 2645 mors
862 2581 985 2647 aliunde
1008 2583 1206 2664 consequitur
1230 2631 1236 2645 .
1261 2631 1268 2646 .
1295 2632 1301 2646 .
1323 2581 1449 2648 Certum
1467 2588 1525 2649 cst

274 2687 438 2773 aliquando
462 2685 553 2750 licere
575 2734 582 2749 .
608 2733 614 2748 .
639 2733 664 2763 .,
689 2685 740 2748 sed
764 2684 890 2750 difficile
917 2688 965 2749 est
987 2686 1166 2764 decernere,
1200 2685 1393 2768 quandonam
1417 2685 1450 2750 id
1477 2687 1525 2751 li—

274 2795 343 2857 ceat
366 2839 424 2855 ...
446 2788 496 2854 Sit
516 2806 588 2871 ergo
609 2788 684 2852 baec
707 2789 829 2870 regula:
854 2789 973 2872 quoties
997 2789 1085 2854 adest
1108 2808 1202 2855 causa
1224 2790 1317 2870 insta,
1341 2791 1425 2854 certe
1442 2810 1523 2872 gra-

274 2896 320 2959 vis
344 2892 460 2976 aliquid
482 2890 594 2974 agendi
616 2890 662 2954 rel
685 2891 859 2970 omittendi,
882 2892 1022 2976 quamvis
1044 2912 1079 2958 ex
1101 2893 1156 2956 illo
1185 2911 1265 2958 mors
1290 2911 1343 2976 per
1370 2893 1524 2959 accidens

272 2998 446 3082 sequatur,«
474 2995 572 3060 etita
595 2993 693 3079 aliis),
740 2994 791 3060 lta
810 2997 840 3060 et
863 2996 954 3075 licet,
981 2997 1043 3061 imo
1066 2997 1196 3079 oportet,
1220 2996 1412 3062 sacerdotem
1436 3015 1517 3079 pro·

274 3100 396 3166 videndi
425 3117 518 3164 cansa
546 3097 702 3161 infirmum
733 3098 882 3163 infectum
913 3117 940 3164 v.
964 3118 994 3183 g.
1024 3101 1128 3181 peste,
1160 3099 1256 3184 typho
1285 3100 1343 3163 etc.
1374 3098 1520 3179 visitare,

272 3205 366 3271 sicuti
388 3204 420 3268 et
443 3203 580 3268 medicus
601 3201 634 3266 id
658 3201 758 3269 debet.

376 3308 570 3390 Quamquam
596 3305 632 3372 D.
657 3305 693 3370 D.
722 3306 930 3385 consentiant,
960 3306 1052 3373 licere
1082 3307 1179 3372 vitam
1201 3325 1289 3370 suam
1313 3305 1449 3389 periculo
1474 3311 1520 3374 ob

272 3432 396 3478 causam
419 3411 534 3474 iustam
558 3426 721 3492 exponere,
745 3409 935 3491 discrepant,
967 3428 1039 3474 nnrn
1061 3412 1160 3475 mater
1182 3410 1348 3494 obligetur,
1371 3410 1437 3492 pati
1462 3411 1518 3474 in-

273 3517 417 3583 cisionem
439 3514 555 3578 ventus
579 3514 610 3577 et
632 3513 721 3590 uteri,
744 3515 780 3578 nt
800 3511 903 3578 inians
926 3515 1073 3594 salvetur,
1099 3514 1251 3598 imprimis
1276 3513 1461 3596 baptizetur,
1488 3517 1518 3580 si

272 3621 349 3687 alias
371 3619 405 3684 id
428 3618 495 3684 fieri
518 3617 633 3701 nequit.
668 3617 700 3684 S.
723 3618 942 3700 Alpbousos³)
964 3618 1083 3702 pergit:
1111 3619 1283 3701 »Respecto
1305 3620 1518 3699 cenomanis,

241 3707 310 3789 'an
347 3725 412 3805 ipsa
446 3723 589 3786 tenentur
622 3719 801 3786 incisionem
834 3722 927 3804 pati?
974 3722 1049 3788 Dico
1071 3721 1166 3806 quod,
1199 3723 1225 3786 si
1248 3720 1419 3804 pericnlum
1445 3723 1521 3788 eius

273 3829 380 3894 mortis
399 3827 441 3891 sit
464 3825 629 3908 probabile,
649 3825 717 3906 ipsa
741 3826 934 3889 necteretur
953 3843 1008 3889 nec
1027 3826 1128 3907 potest
1143 3843 1197 3890 suo
1216 3823 1345 3908 positivo
1360 3843 1519 3892 consensu

271 3931 310 3996 ad
332 3930 511 3995 incisionem
533 3946 727 4003 concurrere;
758 3929 883 3992 tantum
906 3931 1019 4010 posset,
1043 3930 1074 3993 et
1093 3929 1251 3994 teneretur
1273 3926 1361 3991 illam
1384 3929 1460 4009 pati,
1489 3933 1520 3995 si

271 4035 436 4118 chirurgus
466 4033 532 4097 sine
562 4050 616 4096 suo
644 4049 792 4095 consensu
820 4031 900 4114 (ipsa
923 4032 1046 4096 omnino
1069 4031 1213 4116 negative
1236 4049 1268 4096 se
1293 4029 1439 4116 habente)
1462 4033 1517 4096 in-

271 4137 387 4203 cideret
410 4140 441 4202 et
463 4155 532 4220 spes
555 4134 721 4218 probabilis
744 4134 873 4215 adesset,
898 4135 1013 4216 prolem
1037 4135 1099 4200 fore
1124 4134 1341 4218 baptizandum
1366 4153 1403 4198 ac
1427 4155 1516 4204 mors

272 4242 380 4306 matris
413 4259 471 4304 non
502 4241 582 4305 esset
616 4242 716 4316 certa,
751 4258 822 4302 nam
856 4237 887 4302 iu
918 4238 1013 4303 dnbin
1037 4239 1191 4322 utrimque
1213 4238 1364 4322 probabili
1386 4241 1518 4306 tenetur

270 4347 338 4430 ipsa
362 4346 456 4411 vitam
479 4343 670 4426 spiritualem
695 4343 788 4425 prolis
814 4343 992 4408 vitaesnae
1015 4342 1177 4426 temporali
1198 4343 1359 4426 praelerre.
1399 4342 1431 4406 Si
1457 4363 1519 4410 an-

377 4501 402 4569 1)
420 4499 439 4556 1.
459 4500 516 4554 el
538 4500 583 4554 VI.
604 4515 645 4566 op.
663 4498 702 4552 11.
720 4497 745 4564 ξ.
764 4497 789 4550 2.

374 4587 402 4656 2)
420 4586 453 4642 ei.
472 4587 564 4654 Gurp,
583 4586 600 4639 l.
618 4601 640 4640 c.
659 4588 679 4640 t.
697 4585 718 4640 l.
738 4601 763 4639 n.
781 4585 833 4640 389
850 4599 926 4654 seqq.

376 4674 404 4748 3)
422 4674 440 4730 l.
457 4689 478 4730 c.
