3142 5204
275 330 319 400 3'0
460 345 672 416 Homeronida,
693 343 773 405 Dies.
792 348 826 404 ia
845 365 905 404 aaa.
925 347 979 405 ala
997 351 1094 408 consi·
1116 349 1219 420 Aponi.
1239 347 1335 405 Sedis.

277 523 433 589 infallibili
450 523 629 606 magisterio
646 521 802 586 Ecclesiae
818 523 952 586 testante
964 524 987 605 ¹)
1003 539 1062 586 non
1079 521 1215 605 expedit3
1239 541 1308 586 nam
1328 522 1391 588 Leo
1411 521 1538 588 XIII.

276 628 296 693 l.
321 628 410 693 modo
431 647 458 692 e.
488 628 520 692 in
552 627 642 691 linem
676 645 815 709 expresse
845 625 943 691 dicit:
980 626 1061 690 »Vos
1091 645 1196 691 omues
1220 678 1226 693 .
1251 678 1258 692 .
1282 675 1292 690 .
1316 644 1407 710 quam
1433 627 1540 690 enixe

276 732 453 808 hortamur,
486 733 521 796 ut
548 783 555 798 .
581 779 620 796 ..
651 749 776 795 auream
801 749 826 794 s.
850 729 986 794 Thomas
1016 730 1201 814 sapientiam
1232 730 1417 795 restituatis.
1469 730 1540 796 Sa·

276 836 424 921 pientiam
448 854 473 902 s.
497 835 553 919 Tb.
578 834 729 900 dioimas:
761 833 862 918 siquid
884 833 964 899 euim
990 835 1037 898 est
1060 854 1129 899 cum
1155 834 1321 918 exploratis
1343 835 1541 916 posterioris

276 941 344 1006 aevi
367 939 515 1006 doctrinis
538 942 640 1003 minus
662 939 846 1015 cohaerens,
872 939 919 1004 vel
941 937 1071 1022 denique
1095 938 1184 1004 mado
1206 957 1263 1002 nou
1289 937 1472 1020 probabile,
1502 939 1540 1002 id

277 1045 361 1110 uallo
381 1044 471 1127 paeto
490 1043 522 1107 in
546 1043 648 1108 animo
672 1046 729 1120 est,
751 1042 848 1108 aetati
871 1043 994 1108 nostrae
1017 1043 1054 1107 ad
1074 1042 1259 1107 imitandum
1285 1043 1443 1125 proponi«

383 1149 425 1213 llx
442 1147 526 1213 bisce
542 1147 734 1231 argumentis
755 1146 854 1212 obiter
869 1146 974 1212 allatis
993 1146 1177 1224 luculenter,
1200 1148 1237 1212 ut
1250 1146 1366 1230 opinor,
1390 1151 1541 1231 apparet

278 1253 410 1318 animam
443 1251 628 1317 rationalem
658 1251 689 1315 in
719 1251 784 1334 ipso
811 1251 941 1316 instanti
970 1251 1139 1333 personalis
1171 1253 1205 1331 (i.
1227 1271 1252 1315 e.
1275 1251 1542 1317 foecundationis

279 1357 362 1422 eruli
383 1357 526 1421 foeminei
550 1357 704 1438 spermate
726 1355 875 1438 prolifico)
896 1374 955 1420 non
979 1355 1150 1420 materialis
1173 1355 1208 1441 (i.
1226 1375 1251 1423 e.
1268 1356 1542 1436 cohabitationis,

280 1461 492 1526 eiaculatiouis
516 1461 642 1524 seminis
664 1460 761 1524 virilis
777 1459 806 1522 in
825 1460 968 1544 raginam
986 1458 1183 1544 foemineam)
1200 1461 1407 1542 conceptionis
1425 1463 1541 1526 creari

278 1568 309 1631 et
328 1565 450 1630 infundi
472 1583 528 1631 ovo
552 1563 688 1630 mulieris
710 1564 839 1627 termam
863 1564 1080 1628 informantem
1098 1563 1232 1646 corporis
1248 1564 1375 1628 humani
1392 1565 1542 1650 ideoque

158 1717 164 1732 .
277 1671 472 1754 embryouem
504 1687 540 1732 ex
570 1670 626 1733 hoc
661 1671 813 1734 momento
844 1687 909 1732 esse
945 1688 1012 1732 vere
1036 1669 1068 1733 ct
1090 1669 1199 1732 debere
1223 1668 1327 1732 haberi
1353 1669 1540 1734 bominem.

277 1774 406 1856 Quaado
430 1773 587 1856 conceptio
610 1772 779 1855 personalis
803 1772 874 1849 liet,
907 1791 959 1836 nos
991 1773 1170 1856 plerumque
1194 1772 1291 1856 lagit;
1323 1773 1388 1837 lieri
1422 1777 1544 1856 potest

277 1879 383 1962 paucis
410 1881 479 1961 post
503 1877 662 1941 nonnullos
687 1877 768 1953 dies,
796 1875 907 1940 saltem
933 1913 974 1923 —-
997 1880 1033 1941 ut
1056 1876 1176 1942 ridetur
1200 1915 1239 1923 —
1263 1880 1331 1959 post
1354 1879 1538 1961 quattuor-

277 1983 395 2059 decim;
419 1981 636 2047 documentum
657 2000 724 2045 earu
750 1981 864 2044 laetam
888 1999 954 2045 esse
978 1982 1025 2045 est
1048 1980 1182 2047 vomitus
1203 1981 1359 2059 mulieris,
1388 1985 1541 2049 cessatio

279 2086 530 2152 menstruatioois
553 2086 612 2152 etc.
636 2085 704 2161 eta,
734 2085 791 2148 etsi
818 2084 893 2148 baec
916 2085 1089 2169 aliquando,
1114 2084 1209 2151 veluti
1230 2084 1373 2164 vomitus,
1397 2091 1543 2154 omniuo

280 2191 384 2256 deesse
407 2192 545 2273 poseant.

275 2335 277 2342 ι
384 2294 586 2378 Praecagnito
610 2293 647 2357 de
670 2310 730 2376 quo
752 2291 858 2374 agitur
878 2291 1017 2357 subiecto
1040 2294 1232 2358 transeamus
1257 2294 1294 2357 ad
1323 2313 1389 2359 rem
1423 2295 1542 2380 ipsam

279 2398 511 2464 deiudicandam
535 2417 569 2463 er
590 2396 750 2480 principiis
771 2395 847 2462 iuris
871 2396 1034 2476 naturalis,
1061 2397 1157 2462 divini
1181 2400 1213 2462 et
1234 2398 1371 2464 humani.
1411 2483 1417 2492 ·

684 2629 686 2634 ·
790 2605 903 2690 Caput
925 2606 1001 2672 III.

534 2763 674 2829 Abortae
696 2762 891 2830 libidinosas.
927 2765 1029 2830 Notae
1045 2763 1282 2846 praeambulae.

384 2901 651 2966 Praemitteudum
676 2903 763 2967 nobis
787 2906 852 2981 est,
877 2922 935 2967 uon
959 2903 996 2968 de
1020 2903 1130 2968 abortu
1153 2903 1376 2982 involuntario,
1402 2909 1543 2974 casuali

278 3026 333 3072 nos
356 3007 413 3071 boe
436 3007 468 3070 in
491 3007 592 3089 capite
615 3025 723 3090 agere,
745 3007 796 3090 qui
817 3007 951 3073 testibus
973 3007 1161 3073 doctissimis
1184 3026 1328 3090 persaepe
1351 3007 1406 3085 fit,
1434 3030 1544 3092 prae-

279 3112 367 3196 cipue
407 3110 515 3195 primis
557 3111 664 3175 diebus
699 3112 768 3194 post
798 3112 1062 3196 conceptionem)
1097 3112 1189 3178 sicuti
1221 3112 1327 3194 primis
1365 3115 1546 3182 mensibus

279 3215 493 3300 graviditatis,
517 3215 596 3280 unde
620 3218 814 3300 praeceptum
841 3217 996 3281 veterum:
1030 3216 1199 3282 »Parentes
1227 3217 1335 3299 primis
1362 3222 1493 3300 septem
1523 3243 1546 3287 a

278 3321 475 3404 conceptione
506 3319 614 3384 diebus
648 3339 684 3384 ao
715 3322 851 3402 tempore
886 3321 989 3404 partui
1025 3319 1161 3404 proxime
1194 3319 1234 3384 ed
1259 3321 1487 3389 abstinendum
1521 3347 1544 3392 a

237 3469 238 3472 ,
280 3425 416 3490 maritali
439 3443 602 3508 congressu
627 3424 807 3507 obligentur
830 3426 951 3506 propter
973 3425 1098 3490 abortus
1121 3425 1294 3493 timorem<

383 3529 510 3594 Praeter
530 3527 702 3594 naturalem
719 3527 1033 3610 praedispositioucm,
1050 3529 1160 3593 sicuti:
1176 3529 1370 3594 iuventutem
1387 3532 1419 3593 et
1439 3536 1546 3599 aeta·

279 3638 341 3698 tem
365 3633 458 3697 nimis
480 3635 665 3714 provectam,
689 3631 912 3696 haereditatem
935 3685 941 3700 .
963 3680 1007 3712 ..,
1031 3633 1196 3717 Debrepae
1217 3634 1389 3717 permultas
1413 3653 1547 3706 causas

279 3737 508 3822 disponentes⁸)
532 3739 563 3801 et
586 3736 864 3814 determinantem)
887 3739 1061 3814 enumerat,
1093 3737 1204 3820 quibus
1236 3737 1342 3820 positis
1374 3737 1547 3810 facillime

278 3844 406 3908 abortus
429 3841 574 3926 subsequi
595 3840 682 3908 solet.

385 3947 490 4030 Neqire
511 3947 683 4011 tractemus
707 3944 744 4008 de
767 3945 877 4009 abortu
901 3943 1059 4022 indirecto,
1087 3945 1140 4028 qui
1168 3947 1291 4028 praeter
1314 3945 1541 4018 intentionem

279 4050 400 4133 agentis
421 4051 527 4134 quovis
550 4049 641 4114 modo
663 4049 765 4114 evenit
787 4086 829 4096 -
852 4049 890 4113 de
915 4048 1001 4113 cuins
1025 4049 1162 4113 liceitate
1188 4054 1219 4114 et
1243 4050 1351 4114 morali
1370 4051 1546 4132 qualitate

279 4158 385 4237 postea
406 4155 471 4220 loco
487 4155 588 4237 magis
603 4153 711 4218 idoneo
728 4190 771 4199 -
786 4153 839 4216 sed
856 4171 986 4236 agamus
1002 4152 1040 4218 de
1060 4154 1169 4218 abortu
1191 4153 1317 4233 directo,
1338 4153 1543 4240 voluntario,

384 4365 409 4435 1)
428 4365 460 4421 ct
481 4365 593 4420 Aeterni
611 4363 702 4420 Patris
722 4377 763 4432 ep.
782 4377 839 4418 ena.
862 4363 974 4418 beonia
996 4361 1082 4418 XIII.

381 4453 409 4520 2)
433 4453 606 4523 intr-epae,
631 4451 707 4505 lissei
728 4466 774 4504 sur
796 4449 823 4504 la
841 4448 962 4516 theolog.
980 4449 1072 4502 morel.
1091 4447 1227 4503 considere
1245 4448 1313 4503 dans
1331 4465 1374 4503 ses
1394 4460 1539 4519 rapports

276 4555 342 4594 avec
360 4540 387 4594 la
406 4539 574 4610 physiologia
594 4541 622 4594 et
639 4556 656 4593 a
675 4537 806 4592 medicine
825 4533 899 4599 1868,
919 4534 1003 4598 Paris,
1022 4534 1074 4588 vol.
1093 4535 1115 4588 1.
1135 4551 1196 4604 pag.
1216 4535 1276 4591 202.

383 4626 410 4695 3)
429 4625 448 4680 l
466 4643 487 4681 c.
505 4642 568 4698 pag.
587 4625 647 4682 203.

382 4714 410 4783 4)
429 4730 490 4784 pag.
508 4713 568 4768 204.
