3142 5204
284 309 325 373 86
467 327 680 394 Heiderrretob,
702 329 782 384 Diae.
798 332 835 384 irc
852 343 913 385 cae.
932 329 987 384 alt.
1005 333 1101 385 coast.
1119 329 1225 398 Aperi.
1242 325 1337 384 Sedis.

283 499 384 563 matre
406 497 553 563 defuncta
576 499 692 564 extrahi
717 502 749 565 et
777 499 930 583 baptizari
950 517 1038 584 posse
1061 500 1227 580 infantem,
1252 498 1352 566 teneri
1384 495 1540 563 remedio

282 601 424 665 abortum
444 599 593 666 indirecte
615 601 777 668 inducente
800 603 964 682 abstinere,
994 603 1151 669 insinuare
1174 603 1336 681 videntur,
1361 620 1396 666 eo
1421 600 1541 682 magis

282 703 380 769 teneri
403 722 511 786 nempe
534 724 570 770 ex
591 705 744 772 charitate
772 707 876 772 subire
902 725 1075 774 caesaream
1099 707 1264 773 sectionem
1288 706 1309 773 i.
1334 725 1359 772 e.
1384 701 1540 787 aliquod,

283 807 336 872 sed
360 826 419 872 non
442 809 553 885 certae,
579 809 686 875 mortis
709 810 890 893 periculum,
913 812 939 875 si
960 811 1018 876 hoo
1041 811 1140 877 solum
1156 809 1325 876 remedium
1342 807 1542 892 baptizandi

282 910 433 976 infantem
458 911 549 978 adsit.
594 911 627 980 Si
650 916 755 979 autem
775 914 860 980 salus
882 915 1042 979 amborum
1065 915 1200 980 sectione
1222 914 1346 979 tantum
1376 929 1541 978 caesarea

282 1013 383 1080 curari
404 1016 514 1097 potest,
537 1017 637 1100 magis
660 1017 762 1082 valent
785 1017 918 1084 rationes
940 1017 1064 1084 allatae.

386 1117 578 1202 Quamquam
603 1119 680 1185 mihi
703 1139 775 1204 ergo
794 1121 851 1186 snb
874 1123 1004 1205 utroque
1028 1124 1168 1205 respectu
1189 1119 1321 1199 ridetur,
1343 1119 1487 1184 matrem
1502 1119 1540 1181 in

283 1219 343 1284 teli
366 1221 539 1288 conditione
561 1224 659 1289 teneri
682 1243 717 1290 cx
739 1224 893 1290 charitate
918 1224 1173 1310 hysterotomiam
1195 1223 1271 1308 pati,
1294 1225 1400 1288 tamen
1416 1240 1539 1286 assen-

283 1323 343 1389 tior
366 1325 404 1389 cl.
428 1325 545 1392 auctori
571 1327 823 1411 »Disputationes
837 1332 894 1414 1)‹,
918 1328 970 1411 qui
993 1330 1079 1394 tenet
1101 1328 1132 1394 in
1157 1328 1251 1412 prasi,
1275 1327 1348 1412 quia
1363 1325 1411 1392 ier
1429 1324 1539 1390 dubia

284 1427 504 1514 obligationem
519 1432 635 1496 certam
655 1430 799 1498 inducere
816 1433 957 1515 nequeat,
976 1431 1168 1511 mulierem,
1185 1450 1263 1515 quae
1278 1429 1448 1496 sectionem
1469 1481 1477 1495 .
1501 1478 1509 1493 .
1529 1480 1537 1495 .

284 1535 416 1612 recuset,
440 1533 515 1599 licet
536 1534 745 1617 imprudenter
767 1534 897 1622 forsitan
920 1535 1004 1622 agat,
1028 1535 1068 1608 ad
1088 1535 1217 1601 eandem
1240 1533 1432 1600 subeundam
1458 1533 1538 1616 cogi

284 1654 344 1701 non
378 1637 507 1703 debere«
542 1638 740 1722 praesertim,
777 1658 815 1704 ue
849 1640 929 1704 hona
957 1639 1017 1705 fide
1046 1639 1167 1722 privata
1196 1639 1234 1704 de
1263 1638 1365 1704 salute
1397 1637 1537 1702 aeterna

285 1740 526 1825 periclitatura

388 1844 471 1910 Nota
495 1845 521 1910 1.
566 1846 671 1912 Licere
695 1846 816 1914 videtur
846 1847 984 1930 operatio
1007 1846 1183 1931 chirurgica
1204 1845 1397 1924 obstetricia,
1431 1865 1536 1928 quam

286 1947 432 2013 describit
459 1947 618 2016 Verurdus
639 1950 772 2016 ΖευιάηιΙ
805 1950 895 2030 libro,
930 1953 983 2034 qui
1016 1950 1218 2016 inscribitur:
1252 1949 1289 2015 de
1313 1948 1537 2033 iimhrynlcia,

286 2051 424 2116 Veronae
441 2051 524 2116 1756
534 2050 578 2136 it:
605 2052 835 2118 »Difficillimns
850 2055 988 2120 omnium
1005 2074 1023 2119 a
1040 2053 1260 2120 recentissimis
1281 2053 1379 2136 iisque
1401 2052 1537 2135 peritis-

287 2153 374 2220 simis
401 2155 477 2220 artis
507 2155 706 2223 obstetricias
735 2157 956 2241 professoribus
983 2157 1181 2224 tristissimus
1204 2159 1236 2222 et
1258 2155 1537 2240 implicatissimus

285 2275 389 2337 casus,
412 2258 480 2342 qni,
507 2277 576 2324 cum
600 2259 738 2344 pariendi
762 2262 883 2344 tempus
906 2261 1085 2340 accesserit,
1108 2260 1290 2326 mulieribus
1312 2258 1452 2325 accidere
1477 2279 1535 2342 pc-

287 2362 367 2442 tcst,
389 2361 443 2426 iile
464 2363 530 2428 iure
550 2365 699 2444 consetur,
724 2383 794 2430 cum
818 2365 917 2431 foetus
940 2366 978 2431 ob
1002 2367 1094 2448 caput
1116 2364 1206 2430 raldo
1226 2382 1392 2447 magnum,
1416 2364 1470 2428 vel
1494 2363 1536 2428 ob

286 2463 352 2531 vias
372 2464 464 2532 nimis
488 2469 637 2552 angustas
657 2468 689 2533 in
712 2487 762 2534 ore
786 2469 884 2548 uteri,
913 2471 964 2536 roi
992 2469 1103 2554 ragina
1132 2467 1279 2533 immotus
1303 2467 1419 2533 haeret.
1470 2467 1536 2532 Hic

287 2567 432 2652 chirurgo
455 2569 494 2635 ad
516 2572 652 2637 extrema
675 2591 766 2655 saepe
789 2573 822 2638 et
843 2572 959 2638 maiora
987 2572 1063 2640 artis
1086 2572 1239 2656 praesidia
1261 2570 1448 2636 veniendum
1471 2572 1534 2636 est.

286 2671 335 2736 Ibi
357 2672 439 2738 enim
461 2673 615 2758 impactus
642 2676 674 2740 et
696 2675 784 2759 quasi
807 2676 989 2742 incuneatus
1018 2676 1119 2742 foetus
1147 2676 1252 2742 manet
1284 2675 1315 2740 et
1346 2674 1410 2739 fere
1444 2674 1535 2740 intra

286 2775 425 2841 triduum
451 2777 580 2844 moritur
603 2780 794 2863 matremque
815 2783 915 2863 ipsam
938 2780 971 2845 in
994 2779 1081 2864 gravi
1103 2779 1185 2845 ritae
1201 2779 1336 2863 periculo
1352 2779 1534 2858 constitnit,

285 2879 344 2943 nisi
365 2879 504 2962 protinus
526 2882 685 2949 educatur.
732 2884 829 2950 liduci
849 2885 955 2951 autem
978 2883 1079 2962 facile,
1102 2882 1138 2948 ut
1159 2882 1237 2948 alias
1260 2882 1328 2947 fieri
1350 2881 1448 2961 solet,
1477 2902 1534 2966 per

286 3001 395 3049 manus
418 2983 556 3069 chirurgi
578 3004 637 3051 non
660 2988 775 3069 potest,
806 2986 880 3072 qnia
905 3037 912 3051 .
936 3037 944 3055 .
968 3036 976 3054 .
1002 3039 1009 3054 .
1032 2987 1099 3053 sino
1121 2986 1282 3052 mortifera
1302 2986 1421 3051 cerebri
1444 3004 1535 3052 com-

285 3087 440 3170 pressione
462 3089 579 3155 rotrudi
602 3092 726 3175 nequit,
760 3092 796 3156 ut
829 3090 957 3174 pedibus
991 3089 1189 3174 apprehensis
1212 3089 1394 3156 extrahatur
1413 3089 1531 3154 foetus.

287 3189 364 3257 (tum
384 3191 458 3257 talis
480 3210 569 3259 casus
591 3193 714 3272 incidit,
748 3194 911 3278 chirurgus
940 3213 1054 3262 uncum
1084 3193 1219 3277 undique
1242 3193 1379 3271 laevem,
1404 3193 1532 3258 brevio-

286 3293 388 3378 risqne
412 3295 579 3377 acuminis,
603 3316 663 3363 non
686 3297 869 3364 festinanter
892 3297 995 3378 nimis,
1018 3298 1113 3382 capiti
1134 3298 1234 3363 ioetus
1256 3296 1386 3380 infiget:
1417 3295 1534 3362 deinde

287 3398 420 3464 attrahit
443 3418 502 3465 non
524 3402 606 3466 omni
628 3402 750 3468 omnino
772 3402 804 3468 vi
826 3401 981 3488 cogendo,
1014 3402 1067 3468 sed
1101 3402 1147 3469 ita
1181 3402 1215 3466 ut
1237 3420 1273 3466 er
1294 3399 1380 3465 facili
1404 3399 1533 3485 integer

286 3502 385 3568 foetus
408 3503 624 3588 subsequatur.
669 3505 720 3571 Sic
741 3505 798 3586 fit,
821 3507 856 3572 ut
876 3507 976 3572 mater
998 3507 1138 3572 serretur
1161 3503 1397 3589 utplurimum,
1426 3505 1533 3570 foetus

288 3625 359 3671 vero
381 3607 579 3691 aliquando«

390 3711 473 3776 Nota
495 3713 525 3780 2.
557 3713 627 3778 Non
650 3713 724 3780 licei
747 3715 852 3779 autem
873 3731 926 3795 per
949 3731 981 3778 so
999 3711 1169 3778 remedium
1185 3711 1301 3778 infelici
1316 3711 1421 3795 partui
1439 3731 1532 3796 prae-

288 3813 463 3895 ventivum,
497 3816 578 3900 quod
606 3815 704 3884 Porro
712 3817 739 3901 ⁴)
770 3815 1031 3882 recommendavit
1060 3815 1206 3899 opusculo
1234 3815 1402 3899 inscripto:
1437 3815 1533 3882 Delia

288 3918 502 4001 amputazionc
525 3920 753 3986 utero-oratioe
775 3921 836 3985 etc.
859 3918 975 3986 Milano
1000 3920 1093 3999 1876,
1124 3920 1290 3988 exsecando
1313 3919 1437 3985 omnino
1461 3939 1533 3984 mu·

288 4020 371 4087 lieris
405 4025 545 4102 uterum,
579 4023 626 4089 ita
662 4025 698 4088 ut
730 4023 762 4088 in
794 4024 952 4106 posterum
987 4023 1122 4106 amplius
1155 4022 1313 4107 concipere
1346 4024 1530 4106 nequeam).

288 4161 598 4176 ῃ

391 4229 416 4300 1)
434 4230 453 4286 l.
471 4247 493 4286 o.
513 4247 575 4301 pag.
594 4231 653 4287 276.

388 4316 416 4385 2)
435 4316 469 4372 ci.
490 4318 657 4387 Debreyrce,
675 4319 694 4374 l.
712 4336 733 4375 c.
751 4317 790 4374 H.
808 4336 870 4390 pag.
889 4319 938 4374 251
957 4335 1032 4390 seqq.

390 4401 417 4471 3)
437 4405 471 4458 Α.
489 4404 538 4471 m,
554 4404 573 4458 l.
591 4421 612 4460 c.
628 4422 691 4477 pag.
709 4406 769 4462 375.

390 4490 418 4558 4)
436 4490 469 4545 ci.
490 4490 703 4560 (iupedimenta,
722 4491 970 4558 Pastoralmedicin,
987 4511 1050 4565 pag.
1067 4495 1100 4550 23
1119 4496 1147 4550 et
1164 4511 1239 4566 seqq.

335 4575 417 4720 8565)
435 4575 469 4633 oi.-
490 4575 572 4633 etiem
591 4580 762 4648 Perrhaebi,
787 4582 806 4637 l.
832 4597 854 4636 c.
880 4596 943 4650 pag.
964 4581 1021 4636 106.
1063 4580 1096 4636 ci.
1122 4583 1150 4638 et
1174 4581 1376 4645 Lebmhahbl,
1403 4581 1421 4636 1.
1446 4597 1467 4635 c.
1491 4579 1526 4634 11.

290 4681 318 4719 n.
387 4703 395 4718 .
