3142 5204
280 377 412 433 Atos-tuo
431 377 626 434 libidinosae.
665 379 764 439 Notae
780 376 1012 446 praeambulae.
1223 356 1263 424 37

16 555 54 618 *in
72 571 136 631 eos,
161 551 221 636 qui
242 550 369 615 mulieri
393 549 508 614 foetum
532 548 717 633 abegissent,
741 549 894 614 statutam
910 546 1016 614 cotem
1035 547 1264 632 temporetuit:

32 659 74 736 oni
97 653 278 721 abortionis
301 654 355 718 ant
377 653 563 718 amatorium
588 653 730 736 poculum
754 652 849 730 daut,
876 652 938 717 etei
960 651 1029 718 doio
1052 670 1112 717 non
1139 651 1266 731 faciant,
1293 734 1307 744 ..

31 768 130 838 umen,
158 758 236 842 quia
252 757 329 822 mali
344 757 474 841 exempli
490 773 538 821 res
556 757 612 834 est,
636 755 818 822 humiliores
834 754 867 820 in
883 755 1058 835 metallum,
1077 755 1266 822 honestiores

32 869 51 928 in
69 864 214 929 insulam
238 861 482 945 relegantur1).‹

119 966 231 1032 Multo
263 967 335 1030 autc
362 963 442 1047 apud
473 964 619 1049 populum
642 963 700 1030 Dei
728 964 903 1046 procuratio
925 963 1051 1030 abemus
1075 964 1192 1030 crimen
1212 983 1265 1030 no·

31 1077 115 1135 tatum
144 1073 180 1135 et
205 1069 336 1135 vetitum
359 1069 435 1133 erat.
478 1067 558 1132 Nam
585 1069 616 1132 in
650 1066 729 1133 libro
762 1066 856 1132 Exodi
871 1066 897 1153 ¹)
928 1067 1080 1151 scriptum
1111 1065 1264 1153 tegimus:

33 1175 67 1240 »Si
94 1175 197 1239 rixati
223 1173 338 1238 ineunt
361 1171 429 1249 riri,
454 1172 486 1236 et
506 1170 691 1254 percusserit
713 1171 782 1254 quis
806 1170 966 1237 mulierem
989 1172 1212 1256 praegnantem
1230 1173 1267 1238 et

16 1279 200 1344 *abortivum
224 1276 349 1360 quidem
372 1275 491 1352 iecerit,
513 1274 567 1339 sed
590 1274 657 1358 ipsa
680 1275 800 1352 vixerit,
824 1273 997 1340 subiacebit
1018 1274 1140 1355 damno,
1167 1295 1265 1359 quan·

31 1393 80 1446 tum
105 1378 411 1447 maritusmnlierir
434 1377 613 1461 expetierit,
643 1379 675 1443 et
697 1377 807 1443 arbitri
838 1377 1062 1457 initiaverint,
1089 1379 1137 1444 sin
1160 1379 1264 1446 numm

33 1505 99 1552 nors
120 1487 197 1552 eius
222 1482 316 1549 inerit
335 1483 510 1560 subsecuta,
532 1481 643 1548 reddet
666 1482 803 1548 animam
827 1501 881 1566 pro
902 1483 1035 1551 anima«

117 1587 337 1673 Septuaginta
359 1586 544 1669 interpretas
565 1604 636 1651 reru
659 1583 905 1652 transtuleruntz
931 1585 1038 1667 »Quod
1054 1587 1079 1652 si
1095 1585 1266 1672 litigabunt

30 1693 73 1760 tuo
98 1692 166 1758 viri
191 1694 225 1758 et
246 1690 450 1774 percusserint
467 1689 627 1755 mulierem
650 1691 870 1773 praegnantem
894 1691 926 1755 et
946 1689 1054 1756 exierit
1078 1690 1179 1756 inians
1199 1690 1265 1756 eius

31 1817 72 1862 non
91 1795 266 1872 formatus,
284 1792 503 1859 detrimentum
524 1793 660 1875 patietur
675 1793 825 1876 quantum
842 1791 986 1858 indtxarit
998 1793 1048 1858 vir
1062 1793 1200 1860 metieris
1214 1843 1220 1857 .
1234 1845 1241 1861 .
1256 1847 1263 1860 .

31 1901 99 1982 Quod
137 1900 168 1964 si
200 1898 352 1963 formatus
380 1897 491 1974 tuerit,
521 1896 609 1963 dabit
630 1897 768 1962 enimam
791 1915 845 1979 pro
868 1897 1008 1975 anima,‹
1041 1897 1090 1962 ita
1120 1898 1156 1962 ut
1188 1897 1265 1963 »trac

31 2007 81 2088 [nge
102 2023 173 2068 non
196 2001 297 2066 sotum
321 2019 388 2078 eos,
411 1999 464 2085 qui
487 2001 630 2066 abortum
654 1999 781 2066 fortuito
804 2019 895 2079 casn,
920 2000 974 2066 sed
997 2001 1091 2066 ctiam
1110 2019 1179 2078 cos,
1212 2003 1265 2086 qui

33 2108 148 2172 enuntio
181 2105 373 2181 excitarent,
404 2106 459 2168 aut
493 2104 532 2169 ab
567 2099 643 2187 ipsis
676 2105 899 2188 interpretibus
928 2107 984 2170 aut
1004 2104 1117 2173 seriore
1141 2104 1265 2171 demum

31 2225 160 2294 empore
182 2209 340 2291 spectatos
361 2225 437 2286 esse,
461 2207 553 2273 Phil-c
575 2209 608 2273 et
629 2207 783 2291 Joscphus
806 2209 1027 2293 sustentant«

122 2311 256 2378 uranius
288 2311 369 2376 enim
400 2310 555 2395 inceptus
587 2311 747 2396 sennim),
778 2312 896 2378 »Vetat
919 2311 981 2390 tex,
1012 2329 1050 2378 ne
1071 2326 1133 2394 qna
1154 2310 1267 2376 mulier

31 2421 203 2502 suceptum
230 2434 334 2480 semen
365 2416 420 2480 aut
442 2415 549 2480 eiiciat
571 2416 626 2480 aut
648 2414 828 2500 extinguam
860 2429 940 2499 quac
966 2433 1054 2481 sucus
1084 2414 1179 2493 tacit,
1205 2431 1267 2498 quo

32 2521 189 2588 iberorum
215 2518 421 2584 interfectrice
445 2517 558 2584 habere
580 2517 648 2584 ruit
670 2519 812 2602 perinde,
846 2536 882 2583 ac
912 2519 939 2583 si
956 2522 1001 2590 ,rt
1021 2518 1090 2602 ipsa
1109 2521 1142 2584 et
1164 2518 1265 2584 foetus

32 2629 112 2690 ntum
141 2622 333 2707 oppresserit
355 2624 387 2687 et
406 2621 526 2705 generis
548 2622 595 2686 sui
620 2622 872 2706 propagationem
888 2622 1094 2700 inhibueritm
1119 2623 1149 2689 et
1174 2621 1266 2688 Philo

32 2727 253 2794 tlexaudrinus
274 2729 487 2818 commentans
507 2727 627 2792 textum
650 2725 748 2792 Exodi
771 2725 864 2792 XXI:
890 2725 1025 2809 »Quodsi
1047 2725 1117 2810 quis
1139 2725 1266 2794 mando

32 2853 84 2898 eum
109 2831 249 2898 muliere
270 2829 400 2914 gravida
423 2847 540 2914 pugnos
568 2831 600 2895 in
628 2831 764 2896 ventrem
798 2829 960 2909 inflixerit,
993 2830 1042 2896 ita
1073 2831 1110 2896 ut
1138 2830 1266 2897 abortus

32 2939 188 3020 equatur,
222 2933 250 2998 si
282 2933 455 2998 abortivum
478 2933 609 3000 intorno
631 2933 745 3012 fuant,
775 2933 944 3000 mulctetur
966 2935 1033 2999 tum
1057 2935 1180 3018 propter
1201 2933 1289 3014 rto,

32 3041 161 3118 tentam,
187 3039 257 3102 tum
279 3037 353 3120 quia
376 3035 437 3102 tuit
459 3037 681 3120 impedimento
704 3039 834 3102 naturae
858 3055 981 3103 exorsae
996 3035 1150 3119 opificium
1166 3036 1267 3103 homi·

34 3143 81 3219 ris,
118 3141 270 3208 animalis
300 3140 510 3224 pulcherrimi.
554 3141 642 3223 Quod
669 3141 696 3205 ei
718 3139 870 3204 formatus
893 3139 994 3206 foetus
1017 3140 1157 3204 membra
1178 3141 1212 3205 et
1232 3139 1265 3205 iu

33 3247 160 3312 ordinem
183 3244 308 3327 digesta
332 3244 485 3319 habuerit,
509 3245 660 3310 moriatur
682 3260 859 3327 percussor3
883 3241 944 3306 iarn
969 3242 1051 3306 enim
1074 3243 1143 3307 erat
1164 3242 1264 3321 homo,

34 3351 70 3430 qni
92 3352 127 3414 in
148 3349 283 3414 naturae
306 3345 428 3413 officina
456 3348 660 3432 interemptus
682 3349 746 3424 est,
774 3345 907 3411 nondum
935 3344 975 3409 ab
1005 3363 1040 3410 ec
1067 3343 1205 3428 prolatus
1232 3344 1266 3410 iu

34 3453 139 3532 'neem‚
171 3451 287 3516 similis
317 3452 441 3516 statuae
475 3451 583 3517 latenti
608 3451 688 3534 apud
712 3449 850 3517 fictorem
873 3467 982 3527 snum,
1005 3447 1051 3513 'et
1078 3446 1157 3514 nihil
1179 3447 1265 3514 aliud

34 3555 200 3639 upeotanti
222 3573 316 3638 quam
340 3554 412 3620 dum
436 3553 563 3622 libeat«

125 3658 279 3724 Doctrina
312 3660 415 3724 autem
451 3657 620 3724 christiana
649 3659 822 3742 propagata
849 3673 919 3722 mox
953 3655 1038 3740 leges
1071 3653 1265 3722 humaniores

35 3763 100 3829 ttae
125 3763 206 3827 sunt
225 3761 337 3826 infanti
360 3762 391 3826 in
413 3764 499 3827 utero
522 3761 675 3828 existenti.
713 3760 806 3844 Apud
831 3759 1022 3842 wisigothos
1045 3759 1120 3826 hacc
1141 3757 1188 3824 lex
1211 3777 1265 3823 ra·

36 3867 167 3950 Intravi:
202 3863 252 3930 »Si
284 3864 353 3949 quis
380 3865 502 3930 mulieri
525 3865 708 3950 praegnanti
730 3863 885 3948 potionem
904 3862 945 3928 ao
968 3861 1111 3928 abortum
1134 3865 1190 3927 ant
1211 3880 1264 3944 pro

36 3970 159 4036 mando
191 3969 312 4034 infante
333 3969 470 4046 dedant,
499 3969 657 4035 occidatur
680 4020 687 4036 .
710 4019 717 4034 .
742 4017 750 4036 .
773 3967 807 4034 Si
828 3967 861 4032 in
884 3967 971 4032 utero
994 3964 1110 4030 habau
1132 3967 1189 4030 ant
1210 3983 1264 4049 po·

37 4073 135 4139 tionem
159 4072 203 4138 ad
227 4073 369 4138 aborsum
394 4074 555 4156 acceperit,
580 4073 635 4138 ant
657 4071 760 4155 aliquo
783 4087 965 4154 quocunque
981 4068 1071 4134 modo
1085 4067 1265 4153 extinguere

38 4179 145 4254 anum
171 4176 432 4258 praesumpserit,
455 4193 524 4242 mox
547 4176 723 4259 provinciae
743 4173 837 4239 iudex
859 4191 917 4238 nou
940 4172 1038 4238 solum
1062 4171 1263 4257 operatricem

125 4369 155 4434 1)
175 4369 210 4422 A.
231 4366 275 4431 E.
293 4365 313 4420 l.
331 4381 352 4418 c.
370 4381 433 4438 pag.
452 4364 513 4420 209.

124 4453 153 4524 2)
172 4453 217 4516 2l,
237 4451 280 4514 22,
298 4449 341 4504 23.

126 4539 152 4606 3)
171 4539 208 4594 A.
227 4537 271 4602 E„
291 4535 311 4592 l.
329 4552 350 4590 c.
369 4552 431 4606 pag.
449 4535 509 4590 211.

125 4623 153 4682 o
171 4623 222 4684 lib.
241 4621 280 4678 11.
300 4624 395 4678 contra
414 4619 591 4692 oppinionem
609 4638 649 4692 cp.
668 4622 710 4676 24.

124 4709 153 4781 a)
170 4711 207 4768 n.
224 4709 273 4775 n,
290 4705 351 4778 cxc.
368 4724 395 4778 p.
412 4707 472 4764 aru
