3142 5204
265 295 306 362 96
446 311 659 379 Hetdearetcla,
678 313 758 369 Dies.
777 314 813 369 ta
831 329 892 370 cas.
912 311 965 369 alr.
984 319 1080 370 comat.
1101 315 1206 383 Apost.
1225 313 1322 373 Sedis.

368 485 423 547 »2⁰
457 483 503 548 vir
538 483 609 561 ille,
646 485 697 566 qui
733 484 865 566 perculit
898 485 1036 568 graviter
1074 487 1255 568 praesertim
1291 486 1375 552 eirca
1414 507 1509 552 renes

264 589 367 672 (prout
393 587 422 650 id
454 587 745 669 periculosissimum
769 588 865 653 loetui
887 589 971 653 intra
994 590 1116 655 uterum
1140 590 1243 656 clauso
1266 589 1405 655 indicant
1432 611 1507 654 me-

263 691 337 777 dici)
366 693 523 756 mulierem
548 692 787 774 praegnantem,
819 693 893 756 dum
920 692 1095 775 praevidet,
1126 691 1218 758 facile
1252 693 1395 758 abortum
1429 694 1509 758 inde

263 798 438 862 secuturum
455 813 585 878 eumque
608 794 757 874 intendat,
782 815 852 860 cum
872 796 917 860 sic
940 797 1101 862 censeatur
1116 814 1208 860 causa
1227 797 1354 862 abortus
1370 815 1509 882 eumque

263 917 442 984 procurare;

365 1040 401 1102 3⁰
423 1038 497 1115 filia,
521 1056 598 1121 quae
618 1038 769 1102 indicavit
792 1043 909 1104 secreto
933 1038 1026 1103 matri
1049 1057 1080 1102 se
1105 1039 1295 1122 concepisse:
1322 1041 1422 1105 mater
1446 1059 1509 1104 au-

262 1144 325 1207 tern
350 1143 389 1206 ad
411 1142 558 1206 tuendum
580 1142 725 1207 honorem
749 1141 886 1206 familiae
908 1142 1056 1225 potiones,
1081 1144 1306 1208 medicamenta
1329 1145 1361 1208 et
1383 1144 1509 1210 similia

262 1245 344 1312 tiliae
367 1246 507 1328 porrigit,
533 1245 580 1310 vel
605 1246 687 1310 aliud
711 1245 784 1328 quid
808 1247 855 1328 (en
878 1264 972 1328 supra
994 1245 1100 1327 dietis)
1124 1247 1216 1324 facit,
1241 1247 1320 1312 unde
1343 1246 1442 1312 foetus
1467 1267 1509 1312 ex

263 1351 350 1414 utero
372 1398 380 1414 .
406 1401 412 1416 .
438 1399 445 1414 .
467 1348 610 1414 eliciatur
633 1398 640 1414 .
663 1400 670 1415 .
696 1401 702 1416 .

365 1489 499 1554 licentra
520 1488 601 1553 hunc
623 1506 728 1554 casum
750 1507 808 1554 non
831 1488 961 1554 incurrit
986 1489 1041 1552 »1⁰
1056 1489 1177 1570 mulier,
1195 1508 1274 1574 quas
1289 1509 1445 1575 nunquam
1463 1510 1505 1556 ex

262 1611 352 1658 onere
373 1594 496 1675 portato
517 1592 579 1675 (vel
595 1591 752 1676 saltando)
775 1592 917 1658 abortum
938 1611 970 1656 se
986 1593 1053 1675 pati
1069 1595 1192 1676 experta
1208 1597 1256 1658 est
1273 1594 1389 1676 pondus
1404 1595 1509 1678 quod-

263 1698 333 1761 dam
366 1694 481 1761 levavit
507 1698 540 1759 et
570 1697 693 1779 praeter
713 1695 914 1762 intentionem
948 1697 1089 1761 abortum
1121 1697 1196 1761 fecit
1218 1747 1225 1761 .
1249 1747 1285 1764 ..
1316 1699 1350 1761 3⁰
1373 1698 1428 1762 illa
1452 1699 1506 1762 cui

263 1801 301 1866 ab
323 1799 440 1864 amasio
462 1799 557 1864 inscie
579 1799 774 1883 propinatum
795 1799 856 1865 fuit
880 1802 1040 1884 poculum,
1071 1821 1106 1865 en
1136 1821 1195 1885 quo
1222 1802 1348 1867 abortus
1375 1805 1507 1866 secutus

263 1903 331 1982 luit,
356 1903 485 1966 incurrit
508 1904 614 1968 tamen
638 1904 718 1967 hunc
741 1923 846 1968 casum
867 1905 1003 1969 amasius
1026 1923 1208 1987 procurans;
1232 1907 1268 1968 4⁰
1286 1923 1342 1970 uon
1361 1905 1423 1986 ille,
1448 1908 1507 1988 qui

263 2005 445 2071 medicinam
469 2007 508 2071 ad
530 2010 653 2090 partum
677 2007 892 2072 facilitandum
916 2008 1058 2090 porrexit,
1084 2008 1226 2073 abortum
1251 2028 1308 2073 non
1326 2009 1506 2088 intendens,

262 2109 385 2175 etiarnsi
415 2111 515 2175 tostus
546 2129 581 2174 en
614 2111 701 2174 utero
731 2111 859 2192 prodeat
889 2113 1051 2187 mortuus;
1085 2113 1119 2174 5⁰
1147 2129 1202 2175 nee
1232 2111 1285 2176 ille
1312 2115 1364 2196 qui
1392 2113 1508 2177 leviter

261 2215 407 2298 castigat,
432 2233 565 2291 uxorem,
585 2232 664 2296 quac
687 2214 796 2280 deinde
818 2213 920 2279 lurore
944 2215 1060 2297 percita
1075 2213 1216 2279 abortum
1235 2215 1370 2298 patitur;
1396 2216 1430 2279 7⁰
1448 2235 1506 2280 nee

262 2318 326 2396 illa,
350 2336 429 2401 quae
452 2317 611 2400 repentina
634 2318 773 2400 passione
795 2317 901 2401 gaudii
919 2319 967 2384 vel
982 2318 1103 2383 timoris
1119 2336 1209 2400 passa
1225 2321 1272 2382 est
1286 2320 1429 2384 abortum
1448 2369 1479 2388 ..
1497 2371 1504 2385 .

264 2421 319 2485 10⁰
342 2441 395 2486 nec
420 2421 473 2485 ille
493 2423 544 2504 qui
568 2420 707 2486 nesciens
727 2421 888 2486 mulierem
913 2439 977 2486 esse
1001 2422 1180 2504 gravidam,
1211 2422 1266 2487 dat
1293 2422 1320 2488 ei
1343 2423 1506 2508 quandam

261 2529 425 2609 potionem,
446 2527 568 2608 propter
590 2543 681 2609 quam
702 2525 757 2590 illa
780 2526 886 2608 postea
907 2525 983 2590 lacit
1001 2525 1153 2606 abortum,
1177 2526 1249 2609 quia
1266 2527 1347 2592 hune
1362 2526 1507 2592 studiose

261 2648 320 2694 non
344 2629 554 2713 procurata

364 2817 422 2883 Ill.
459 2819 502 2883 Ut
523 2836 651 2883 censura
672 2817 851 2884 incurratur
873 2820 983 2884 abortu
1006 2821 1167 2902 procurato
1183 2820 1314 2904 denique
1330 2821 1505 2903 requiritur

262 2925 471 3001 coutumacia,
505 2923 699 3005 contemptus
732 2940 878 2987 censurae
905 2925 936 2987 et
966 2923 1045 3006 legis
1058 2925 1096 3006 ⁰).
1144 2924 1230 2988 Unde
1260 2943 1386 2988 omnes:
1421 2945 1504 2990 »non

261 3027 440 3107 contemnit,
464 3026 517 3111 qui
540 3025 692 3110 ignorate

368 3165 588 3232 »contumacia
611 3168 714 3231 autem
739 3166 889 3231 minuitur
911 3166 958 3233 vel
981 3166 1104 3232 tollitur
1127 3169 1270 3252 propter:
1298 3167 1332 3231 l⁰
1353 3167 1504 3251 ignoran-

260 3272 354 3350 tiam,
386 3272 422 3334 2⁰
445 3272 576 3349 metum,
609 3270 644 3333 3⁰
666 3269 862 3335 monitionem
888 3287 947 3334 non
970 3270 1170 3352 praemissam
1201 3271 1295 3354 (quod
1319 3273 1423 3337 tamen
1451 3273 1506 3338 hic

261 3395 319 3440 non
341 3373 485 3459 incidit),
516 3374 552 3438 4⁰
573 3373 794 3457 poenitentiam
825 3375 893 3455 post
921 3373 1055 3452 lactum,
1090 3374 1144 3439 sed
1167 3376 1240 3439 ante
1263 3376 1329 3439 eius
1351 3375 1504 3442 ultimum

261 3479 404 3544 effectum
427 3497 482 3542 seu
500 3477 759 3560 complementum
782 3477 985 3562 secutam⁰),‹

366 3618 393 3682 1.
429 3616 516 3698 Quod
547 3617 681 3699 pertinet
710 3616 749 3680 ad
778 3614 1002 3700 ignorantiam,
1033 3617 1153 3682 Heiuer
1175 3617 1290 3701 optime
1318 3619 1503 3706 adnotat⁰)‚

262 3740 342 3786 nnnc
365 3739 469 3786 omnes
492 3737 619 3784 censura
648 3718 791 3802 percelli,
823 3720 874 3802 qui
906 3719 1023 3784 directe
1051 3721 1194 3786 abortum
1224 3725 1407 3804 procurant,
1442 3743 1503 3790 nen

260 3827 395 3904 tantum,
416 3826 450 3889 ut
474 3825 574 3901 antea,
599 3823 730 3888 scienter
748 3827 956 3906 procurantes,
976 3823 1023 3888 ita
1046 3826 1080 3889 ut
1101 3825 1277 3907 ignorantia
1300 3827 1330 3890 in
1353 3827 1410 3892 hoe
1427 3847 1502 3894 casu

261 3927 456 3994 diiudicanda
479 3927 578 3993 situl
600 3927 631 3991 in
652 3927 732 3992 aliis.

365 4239 390 4305 1)
411 4238 439 4294 J.
461 4238 491 4291 L.
513 4238 544 4290 1⁰.
565 4237 601 4293 X.
620 4237 759 4302 schrodt
776 4235 810 4290 de
825 4233 929 4288 casibus
943 4235 1085 4290 reservatis
1098 4239 1231 4291 tractatus
1245 4240 1497 4312 canonic-theolog.

261 4321 429 4393 Wircebnrgi
448 4323 522 4378 1732.
544 4338 605 4392 pag.
622 4323 664 4387 89,
681 4322 723 4377 90.

206 4407 208 4410 ⁵
364 4426 391 4494 2)
410 4430 438 4482 S.
457 4428 641 4496 alphonsus,
660 4426 679 4480 l.
696 4443 718 4482 c.
736 4427 754 4482 l.
774 4427 833 4482 VIL
853 4443 878 4482 n.
897 4427 939 4481 43.

364 4524 392 4590 3)
413 4523 586 4587 Letmlrulcl,
603 4523 621 4576 l.
640 4538 662 4578 c.
681 4522 733 4577 vol.
751 4523 788 4578 II.
807 4540 833 4577 n.
852 4523 910 4578 865.

364 4617 392 4688 4)
409 4617 427 4672 l.
447 4633 468 4672 c.
487 4633 549 4688 pag.
568 4618 628 4678 244.
