3142 5204
325 303 368 370 36
510 321 723 390 Ηιιιιιιινιιιιι,
743 322 821 378 Dies.
841 325 875 378 ιιι
894 338 956 380 cas.
974 323 1029 378 ull.
1047 326 1142 379 comt.
1163 321 1268 392 apost.
1287 323 1384 380 Sedis.

427 491 499 562 Jam
524 493 557 558 in
580 492 717 560 Concilio
739 493 921 566 Milevitauo
944 495 975 559 et
999 494 1251 579 Carthaginiensi
1272 514 1299 564 a.
1314 496 1377 561 418
1399 515 1420 562 a
1442 497 1555 564 Zosimc

325 597 493 682 approbato
516 601 620 682 patres
641 598 822 683 congregati
846 601 953 668 contra
976 599 1160 683 Pelagianos
1184 600 1405 682 docuemut¹lr

430 718 530 784 »Item
554 719 687 802 placuit,
723 721 759 784 nt
788 719 961 804 quicunque
991 721 1133 803 parrulos
1156 721 1293 786 recentes
1315 721 1472 787 abuteris
1496 740 1555 786 ma·

325 825 408 888 trum
431 823 630 906 baptizandos
653 827 746 908 negat
768 873 776 890 .
795 877 801 892 .
819 873 850 893 ..
875 825 1042 890 anathema
1065 823 1135 889 site
1172 825 1261 890 Hanc
1284 824 1456 890 doctrinam
1480 831 1555 890 omn*

325 927 461 1010 tempore
484 925 624 994 licclesia
644 928 756 994 tenuit.
801 926 987 1010 Plerumque
1010 930 1114 994 antem
1138 927 1191 1006 dt,
1221 929 1256 992 ut
1286 947 1340 1011 per
1366 945 1399 992 se
1422 929 1555 1010 apparet,

324 1032 360 1095 ιιι
382 1031 475 1097 etiam
500 1032 530 1096 in
553 1031 664 1096 abortu
687 1049 775 1096 nemo
798 1030 930 1096 salntem
954 1031 1064 1096 saltem
1097 1033 1255 1097 aeternam
1285 1032 1384 1097 lnetns
1414 1031 1555 1114 respiciat

323 1133 526 1222 impertiendo
550 1133 748 1218 baptismum.
795 1133 881 1200 Unde
904 1134 1032 1200 disserte
1056 1135 1193 1216 queritur
1222 1133 1330 1200 Xistur
1353 1133 1388 1202 V.
1420 1133 1454 1198 iu
1483 1132 1555 1198 Ocn-

322 1237 485 1304 stitutione
519 1237 582 1304 iam
612 1237 727 1328 citata:
764 1236 1030 1304 »Effraonatamu
1067 1237 1177 1320 ›Quis,
1211 1237 1274 1317 ait,
1308 1257 1366 1302 uon
1389 1237 1556 1304 detestetur

322 1344 388 1410 turn
412 1341 629 1412 exsecrandum
653 1340 780 1420 lacinus,
805 1359 859 1424 per
879 1341 959 1424 quod
982 1342 1094 1407 nedum
1118 1360 1287 1426 corporum,
1311 1342 1363 1406 sed
1383 1341 1465 1425 quod
1490 1361 1555 1426 gra·

323 1445 391 1510 rius
413 1447 470 1523 est,
493 1443 588 1510 etiam
610 1443 783 1511 animarum
804 1446 888 1510 certa
910 1445 1029 1510 iactura
1049 1446 1213 1528 sequitur?
1254 1445 1331 1528 Quis
1355 1464 1412 1510 uon
1437 1446 1555 1528 gravis·

321 1548 408 1614 simis
431 1547 579 1640 supplicis
602 1547 729 1615 damnet
750 1547 837 1614 illius
858 1546 1066 1632 impietatem,
1090 1549 1142 1631 qui
1165 1547 1318 1622 animam,
1343 1548 1401 1613 Dei
1422 1549 1555 1632 imagine

322 1652 520 1735 insignitam,
553 1670 607 1736 pro
642 1669 703 1734 qua
732 1651 910 1717 redimenda
933 1649 1076 1718 Christus
1098 1651 1239 1716 domiuus
1263 1652 1366 1718 uester
1389 1653 1555 1736 pretiosum

322 1755 503 1846 sanguinem
538 1754 640 1833 ludit,
670 1756 814 1822 aeternae
846 1771 991 1838 capacem
1023 1755 1225 1822 beatitudinis
1259 1760 1289 1820 ιι
1311 1755 1350 1820 ad
1372 1757 1555 1821 consortium

322 1860 510 1942 Angelorum
534 1858 737 1938 destinatam,
768 1877 786 1923 a
816 1858 907 1924 beata
932 1859 988 1924 Dei
1011 1859 1126 1924 visione
1153 1859 1300 1937 exclusit,
1333 1860 1555 1942 reparationem

322 1962 499 2032 coelestium
524 1961 661 2042 sedium,
688 1962 841 2046 qnantum
865 1961 983 2044 inipso
1006 1962 1079 2042 fnit,
1102 1961 1283 2048 impedivit,
1311 1963 1373 2028 Deo
1395 1964 1555 2028 servitium

321 2084 394 2130 suae
415 2066 574 2152 creaturae
597 2065 712 2132 ademit
724 2068 759 2132 i«
803 2064 909 2144 udus,
942 2065 1021 2148 quod
1045 2083 1190 2149 perquam
1214 2063 1340 2130 difficile
1362 2068 1426 2145 est,
1458 2065 1555 2131 valide

321 2168 437 2252 loetum
452 2170 485 2236 in
500 2171 588 2241 atero
602 2171 635 2239 et
647 2169 757 2253 primis
773 2168 954 2254 praesertim
970 2169 1127 2236 mensibus
1143 2167 1348 2253 conceptionis
1359 2168 1555 2252 baptizarit,

423 2289 492 2360 Nun
514 2289 613 2358 solum
634 2289 700 2358 iure
722 2289 861 2356 naturali
884 2290 914 2354 ιι
937 2290 1098 2372 praecepto
1113 2287 1216 2355 divino
1231 2289 1357 2354 abortus
1376 2291 1420 2373 (et
1436 2290 1555 2355 craniu-

319 2393 429 2479 unia)
453 2393 552 2462 vetita
571 2395 661 2472 suut,
690 2393 744 2460 sed
768 2392 862 2460 etiarn
885 2392 1008 2476 legibus
1035 2394 1180 2462 humanis
1203 2393 1319 2460 crimen
1343 2394 1452 2460 notata
1475 2396 1555 2460 sunt,

320 2495 497 2575 Videamus,
521 2515 673 2581 quaenam
695 2497 780 2582 leges
801 2496 834 2562 iu
849 2497 991 2564 abortum
1007 2515 1025 2562 a
1041 2495 1277 2582 magistratibus
1298 2497 1512 2564 saecularibus
1527 2499 1555 2562 el

319 2599 536 2666 ecclesiasticis
560 2600 740 2684 praecipuae
762 2602 846 2668 latae
868 2601 939 2668 sint.

619 2832 716 2918 Leues
736 2833 916 2900 saeculares
935 2834 973 2900 in
993 2833 1135 2900 adortum
1157 2832 1250 2900 lotoe.

363 3007 366 3014 ¹
422 2979 492 3047 Non
514 2981 563 3046 est
584 2999 638 3045 cur
661 2979 823 3058 miremur,
852 2980 932 3063 quod
955 2982 1073 3046 veteres
1095 2980 1212 3046 lumine
1234 2981 1483 3064 supernaturalis
1507 3003 1553 3048 re·

319 3082 478 3149 velationis
513 3084 614 3150 orbati
648 3084 769 3167 propter
806 3082 1056 3166 depravationem
1090 3084 1219 3150 humani
1250 3085 1370 3168 generis
1399 3103 1501 3170 usque
1526 3103 1553 3152 ιι

318 3187 548 3265 descenderint,
578 3189 613 3252 ut
638 3187 687 3253 sui
709 3188 741 3252 et
768 3187 890 3272 generis
913 3187 961 3253 sui
984 3187 1099 3266 odiosi,
1132 3189 1280 3271 utsupra
1303 3187 1458 3268 vidimus,
1492 3209 1552 3273 per·

317 3309 408 3374 saepe
430 3292 571 3356 abortum
593 3292 814 3376 perpetrarent,
836 3308 906 3355 cnm
922 3308 992 3356 sere
1007 3291 1142 3373 optimus
1158 3291 1286 3374 quisque
1301 3290 1333 3355 id
1349 3293 1552 3376 permitteret

317 3392 404 3460 Uude
428 3413 483 3460 uec
506 3395 636 3474 mirum,
670 3394 750 3480 quod
774 3393 857 3479 leges
880 3395 912 3458 in
935 3394 1077 3466 abortum
1101 3395 1154 3460 aut
1177 3414 1236 3460 non
1259 3397 1349 3461 eraut
1368 3394 1473 3476 latae,
1506 3413 1552 3463 au*

315 3490 375 3580 etsi
398 3498 489 3578 latae,
513 3498 592 3566 nihil
614 3498 678 3565 dere
700 3498 855 3564 valebant.

419 3618 526 3700 Quoad
553 3619 708 3684 Romanos
740 3619 882 3685 »saeculo
910 3618 1036 3684 tandem
1067 3621 1137 3702 post
1166 3619 1311 3686 Ovidium
1342 3621 1375 3685 et
1403 3617 1551 3690 Senecau

315 3723 412 3798 tertio
437 3722 514 3788 i'uris
544 3721 676 3787 consulti
706 3725 739 3788 et
768 3722 932 3788 civitatum
959 3723 1092 3787 rectores
1122 3723 1253 3805 primam
1276 3723 1383 3788 contra
1405 3724 1550 3790 abortuu

315 3825 456 3894 tulerunt
477 3825 595 3917 legem:
621 3825 672 3891 »Si
695 3826 856 3891 mulierem
880 3825 1046 3891 uisceribns
1069 3825 1134 3890 suis
1154 3825 1215 3892 vim
1231 3826 1382 3905 intulisse,
1406 3847 1471 3912 quo
1488 3847 1550 3912 par

314 3933 381 3996 tum
404 3930 549 4015 abigent,
573 3929 747 4010 constiterit
770 3948 839 3996 eam
861 3930 893 3995 in
913 3928 1038 3995 exilium
1055 3947 1177 4012 praeses
1192 3929 1364 4013 provinciae
1380 3931 1550 4015 exiget³).‹

417 4173 444 4242 1)
465 4176 648 4246 Heusinger,
665 4172 685 4229 l.
703 4189 724 4227 c.
743 4191 769 4230 m
786 4173 828 4228 65.

415 4278 443 4347 2)
459 4277 533 4334 Illud
551 4277 668 4334 Ritnalis
688 4276 763 4334 nom.
782 4277 976 4348 praescriptum
999 4293 1025 4332 n.
1049 4276 1080 4330 16
1107 4277 1207 4332 uostris
1228 4275 1393 4348 temporibus
1420 4295 1478 4334 nou
1500 4277 1548 4336 iau

312 4380 389 4434 porse
406 4365 533 4422 sustiueri
551 4363 594 4419 vel
609 4364 708 4420 saltum
727 4365 781 4420 alio
798 4381 877 4420 sensu
892 4363 988 4419 debere
1003 4362 1132 4433 intelligi,
1150 4365 1223 4420 inter
1234 4381 1324 4420 ornnes
1340 4366 1477 4432 convenit,
1495 4385 1548 4424 cun

313 4450 448 4506 mediante
461 4451 640 4505 instrumento
653 4466 700 4518 per
714 4467 742 4504 os
755 4451 826 4504 uteri
846 4449 935 4504 inians
948 4450 976 4503 in
989 4451 1066 4504 utero
1076 4451 1162 4517 possit
1175 4451 1316 4518 baptizari,
1333 4453 1407 4506 cuius
1420 4451 1548 4522 baptismi

312 4535 387 4591 valor
403 4537 568 4604 speculative
586 4536 695 4608 quidem
714 4541 810 4601 certus,
830 4537 947 4607 practice
965 4552 1028 4590 uero
1040 4535 1137 4591 dubius
1152 4540 1201 4592 est
1228 4538 1383 4604 Lemlculul,
1398 4537 1435 4592 11.
1451 4556 1477 4594 n.
1492 4543 1535 4595 74.

414 4637 443 4716 3)
464 4639 494 4696 L.
513 4641 538 4696 8.
557 4639 583 4696 ιι.
602 4641 637 4695 ad
654 4640 709 4712 leg.
728 4639 806 4698 Corn.
824 4641 857 4698 do
874 4640 913 4696 sic
930 4643 958 4695 ιι
977 4639 1067 4696 venei.
1084 4639 1148 4712 Dig.
1169 4641 1213 4706 lu,
1231 4639 1272 4700 88.
