3142 5204
302 315 343 380 88
489 329 699 394 Heiderrrec'cb,
721 328 800 383 Ilias.
817 330 853 382 ire
872 339 932 382 cus.
951 328 1006 381 all.
1024 331 1120 382 conat.
1141 325 1244 395 Aperi.
1263 322 1359 380 Sedis.

300 500 540 566 'rnunicationem
561 498 643 562 latae
659 497 830 563 sentcntiae
846 495 1015 577 incurrant,
1038 496 1137 581 quoad
1155 497 1190 560 10
1205 495 1387 578 conceptum
1404 491 1508 557 auom
1564 497 1565 504 ’

301 607 336 668 20
358 603 512 669 obiectum
535 603 673 680 abortus,
707 603 742 665 3⁰
765 603 982 684 procurantes,
1010 602 1045 666 4⁰
1067 597 1255 666 rememedia
1278 597 1409 682 (quibus
1434 613 1510 678 perp

301 708 418 790 tratur)
442 709 473 771 et
497 709 531 770 5⁰
554 705 695 769 eflectum
718 706 891 787 sequutum.
938 705 986 770 Sit

755 877 925 959 Conceptus
947 877 1081 944 ubertus.

406 1017 635 1082 Recurrendum
669 1019 716 1080 est
748 1015 899 1098 imprimis
930 1015 969 1079 ad
1005 1016 1186 1098 conceptum
1221 1014 1358 1080 abortus.
1408 1011 1519 1076 Abortr
1565 1033 1566 1072 1

303 1139 409 1203 nempe
432 1123 479 1185 est
500 1120 636 1202 expulsio
659 1119 759 1185 foetus
787 1119 848 1184 riri
870 1119 1031 1185 immaturi
1054 1137 1089 1186 ex
1111 1119 1199 1183 utero
1230 1116 1339 1182 matris
1373 1115 1427 1181 uel
1458 1133 1523 1194 prar

304 1227 425 1289 matura
455 1223 590 1306 expulsio
620 1223 680 1288 vivi
710 1223 809 1288 foetus
833 1241 868 1288 ex
891 1224 977 1288 utero
1001 1223 1119 1288 matris.
1165 1220 1293 1304 Quando
1316 1219 1435 1284 haecce
1459 1237 1523 1301 pras

303 1329 426 1392 matura
445 1327 554 1391 eiectio
577 1325 780 1409 intelligenda
803 1327 854 1404 sit,
878 1326 1051 1412 physiologi
1075 1325 1224 1391 indicant.
1262 1323 1322 1405 Qui
1342 1341 1454 1388 omnes
1477 1341 1525 1388 our

302 1431 457 1495 affirment
479 1430 628 1494 infantem
646 1429 908 1512 duodetrigesima
924 1430 1107 1510 gestationis
1125 1427 1315 1494 hebdomade
1331 1427 1443 1508 elapsa
1461 1443 1528 1508 poss

302 1535 453 1600 seclusam
478 1553 496 1598 a
519 1537 617 1597 matre
642 1533 788 1616 rivere1),
811 1552 869 1598 non
894 1534 1062 1598 incurritur
1078 1529 1350 1598 excommunicatio
1379 1530 1415 1593 10
1435 1529 1463 1592 si
1480 1547 1529 1612 po.—

302 1639 383 1702 hunc
406 1636 603 1721 granditatis
626 1637 792 1700 terminum
817 1656 851 1701 ex
874 1637 1054 1702 rationabili
1077 1655 1172 1701 causa
1194 1635 1301 1719 partus
1324 1635 1530 1717 praemature

302 1741 468 1807 inducitur.

404 1845 438 1908 20
461 1843 540 1909 Item
564 1863 621 1909 non
645 1845 758 1908 incurri
783 1845 903 1910 videtur
926 1863 1073 1922 censura,
1096 1845 1121 1909 si
1144 1843 1264 1921 mulier,
1287 1861 1322 1908 ex
1346 1842 1492 1918 malitia,
1520 1863 1533 1904 r
1567 1887 1568 1922 3

302 1969 331 2030 g.
361 1951 396 2011 ut
427 1948 530 2012 inians
562 1967 629 2012 nrox
657 1947 821 2026 moriatur,
856 1950 978 2031 partum
1008 1949 1237 2032 praematurum
1272 1948 1442 2030 prouocat,
1478 1965 1532 2028 pos

299 2049 593 2135 duodetrigesimum
616 2051 815 2135 graviditatis
839 2051 1069 2129 hebdomadem,
1094 2051 1166 2135 quia
1189 2051 1239 2116 hic
1264 2067 1323 2114 non
1342 2052 1393 2114 est
1411 2049 1539 2115 abortu>

302 2173 392 2220 sensu
415 2155 533 2234 stricto,
558 2157 590 2220 et
612 2156 683 2220 odia
703 2156 928 2238 restringenda.
1568 2235 1569 2240 ἵ

404 2259 439 2323 30
469 2259 538 2324 Non
569 2259 715 2342 plectitur
746 2277 888 2339 censura,
920 2258 971 2341 qui
998 2259 1174 2342 operatione
1205 2255 1349 2322 sectionis
1379 2275 1539 2322 caesarea«

304 2361 419 2428 foetum
442 2361 472 2426 in
496 2365 595 2427 lucem
619 2365 741 2446 prolert.

404 2467 440 2530 4⁰
462 2467 530 2531 Non
552 2466 666 2531 incurri
690 2466 811 2534 uidetur
833 2485 961 2531 censura
984 2465 1179 2543 etiamtunc,
1202 2463 1333 2548 quando,
1348 2466 1387 2528 ut
1403 2482 1500 2547 snpra
1516 2466 1546 2528 ir.

301 2568 489 2634 indicatione
512 2571 603 2634 unica
625 2571 750 2635 abortus
775 2589 802 2634 a.
816 2571 853 2636 el.
875 2567 1115 2653 depellendas)
1140 2566 1441 2644 admiscuerimus,
1460 2568 1547 2632 salus

303 2671 411 2736 matris
435 2672 481 2736 vel
505 2676 535 2737 et
558 2675 667 2736 matris
689 2675 722 2738 et
739 2673 866 2739 infantis
882 2671 1033 2756 imprimis
1049 2669 1146 2738 altero
1161 2671 1342 2755 gestationis
1357 2671 1465 2736 medio
1482 2673 1502 2738 i.
1521 2692 1547 2737 e.

303 2778 371 2859 post
393 2775 574 2858 vigesimam
598 2776 822 2842 hebdomadam
847 2813 888 2824 -—
910 2777 958 2841 vix
979 2776 1112 2859 gestatio
1134 2776 1231 2858 primo
1248 2774 1347 2840 medio
1363 2794 1464 2840 causa
1480 2775 1548 2840 fieri

302 2879 405 2961 potest
427 2878 499 2942 talis
523 2879 722 2958 calamitatis,
750 2917 784 2928 -
811 2881 894 2945 nullo
918 2879 1005 2944 modo
1027 2879 1086 2944 nisi
1103 2880 1212 2944 abortu
1237 2878 1365 2944 dixerim
1390 2877 1548 2944 indirecto

302 2980 455 3064 procurari
479 2982 584 3065 possit,
606 2983 651 3048 ita
673 2986 707 3048 ut
731 2985 789 3050 hoc
812 2983 945 3050 remedio
962 2983 1074 3049 omisso
1090 2982 1182 3049 ambo
1196 2984 1279 3048 certe
1295 2985 1426 3066 percant
1447 3001 1549 3066 neque

302 3085 414 3149 infanti
441 3086 472 3148 in
503 3087 590 3150 utero
622 3089 730 3151 matris
760 3087 932 3170 baptismus
959 3086 1110 3170 impertiri
1138 3087 1243 3170 possit.
1286 3084 1439 3150 Rationes
1472 3089 1549 3153 sunt

301 3207 393 3271 supra
415 3189 539 3254 allatae.

405 3291 536 3357 Ornuiuc
560 3311 619 3357 non
642 3293 810 3357 incurritur
830 3310 957 3358 censura
980 3291 1013 3355 in
1034 3292 1144 3358 abortu
1166 3289 1318 3356 indirecto
1341 3309 1377 3355 ex
1402 3293 1493 3358 insta
1517 3295 1550 3359 et

300 3395 481 3462 rationabili
504 3415 597 3462 causa
619 3396 754 3462 inducto.
783 3395 840 3462 Ubi
857 3395 936 3460 enim
953 3413 1012 3460 non
1028 3395 1127 3478 culpa,
1151 3395 1196 3459 ibi
1210 3395 1304 3460 ctiam
1321 3413 1380 3460 non
1396 3415 1501 3480 poena
1509 3402 1546 3480 ³).

405 3501 438 3566 5⁰
470 3501 493 3564 d
521 3500 674 3565 contrario
706 3518 866 3565 censuram
897 3497 1221 3564 excommunicationis
1251 3499 1336 3564 latae
1367 3501 1549 3566 sententiae

300 3602 454 3667 incurrere
478 3603 600 3668 ridetur
623 3603 659 3681 is,
683 3602 735 3687 qui
760 3602 874 3668 focium
897 3603 1099 3667 immaturum
1123 3602 1156 3668 iu
1170 3604 1257 3668 utero
1278 3602 1387 3667 matris
1402 3603 1550 3685 perforat

301 3709 333 3769 et
355 3705 424 3772 dein
446 3707 581 3772 extrahit
592 3707 635 3792 ⁴),
660 3727 730 3772 curn
750 3707 793 3772 sit
815 3707 871 3772 hoc
895 3726 927 3771 re
950 3708 981 3772 et
1004 3706 1174 3772 intentione
1198 3707 1372 3790 procuratio
1400 3708 1546 3773 abortus

300 3807 378 3875 (tum
411 3813 515 3876 autem
547 3811 637 3875 aliter
669 3811 787 3893 judicet
820 3811 1004 3877 Januusriuc
1037 3811 1215 3876 Bucccroui
1226 3809 1252 3894 ⁵)
1287 3812 1319 3874 et
1350 3809 1461 3876 odiosa
1499 3832 1548 3878 re-

403 3963 430 4034 1)
451 3965 627 4031 Scbroedcr,
647 3966 666 4019 l.
685 3982 707 4020 c.
726 3981 789 4036 pag.
807 3966 848 4021 54.

404 4050 431 4119 2)
450 4067 512 4120 pag.
531 4051 581 4104 247
600 4055 629 4106 ct
646 4067 719 4122 seqq.

403 4137 429 4205 3)
448 4137 495 4192 Dr.
509 4139 558 4192 Fr.
576 4139 697 4200 Hetaer,
715 4138 765 4192 Die
778 4136 944 4192 kirchlicheu
956 4137 1092 4194 Censurcn
1104 4139 1154 4193 etc.
1174 4135 1329 4192 Pederburu
1341 4136 1417 4191 1888.
1437 4155 1507 4209 pag.
1520 4143 1546 4196 3.

401 4223 428 4291 4)
447 4225 481 4278 ci.
500 4225 547 4278 Dr.
563 4225 687 4290 Hctner,
705 4226 723 4280 l.
738 4239 760 4279 c.
779 4241 840 4294 pag.
857 4224 907 4279 246
926 4227 954 4278 et
972 4225 1019 4278 Dr.
1040 4225 1194 4294 Goepfert
1214 4224 1253 4278 De
1268 4224 1548 4282 excommunicatione

299 4312 327 4364 et
344 4310 547 4380 irregularitate
572 4327 605 4366 ex
626 4311 724 4366 abortu
747 4309 859 4366 oriunda
877 4311 906 4364 in
924 4309 1097 4379 Ephcmeridi
1119 4325 1188 4380 quae
1207 4309 1320 4366 dicitur:
1346 4307 1546 4382 Theologisch·

297 4397 452 4464 praktische
471 4395 683 4465 Quartalschrift
701 4399 750 4452 etc.
777 4397 841 4452 Lina
861 4397 935 4452 1886.
965 4414 1026 4467 pag.
1046 4397 1105 4452 373.

401 4483 429 4554 5)
447 4485 601 4540 danubrii
612 4486 785 4540 Buccerorcr'
796 4484 822 4538 S.
833 4485 858 4540 J.
873 4483 1087 4540 Commentarius
1100 4483 1133 4537 de
1143 4483 1336 4540 constitutione
1349 4483 1545 4554 »Apostolicne

299 4569 392 4623 Sedis«
410 4570 555 4625 secundum
573 4587 664 4625 omnes
683 4571 826 4626 decisiones
845 4588 879 4627 ss.
899 4571 974 4626 Rom.
995 4569 1219 4640 Congg.1tcurae
1239 4572 1313 4628 1886.
1335 4589 1360 4626 u.
1382 4572 1425 4636 14,
1446 4573 1543 4627 D'An·

299 4656 388 4716 uibale
408 4656 620 4714 Commentarius
638 4675 664 4712 n.
686 4658 742 4713 153.
760 4657 874 4714 Besurdi
891 4658 984 4714 Praxis
1001 4655 1217 4716 madescentis
1236 4676 1262 4715 n.
1280 4659 1355 4727 1263,
1376 4657 1438 4714 884.
