<?xml version="1.0" encoding="UTF-8"?>
<!DOCTYPE html PUBLIC "-//W3C//DTD XHTML 1.0 Transitional//EN"
    "http://www.w3.org/TR/xhtml1/DTD/xhtml1-transitional.dtd">
<html xmlns="http://www.w3.org/1999/xhtml" xml:lang="en" lang="en">
 <head>
  <title>
</title>
<meta http-equiv="Content-Type" content="text/html;charset=utf-8" />
  <meta name='ocr-system' content='tesseract 3.04.00' />
  <meta name='ocr-capabilities' content='ocr_page ocr_carea ocr_par ocr_line ocrx_word'/>
</head>
<body>
  <div class='ocr_page' id='page_1' title='image "./dissertatioinca00heidgoog_0076.png"; bbox 0 0 3142 5204; ppageno 0'>
   <div class='ocr_carea' id='block_1_1' title="bbox 338 379 1267 463">
    <p class='ocr_par' dir='ltr' id='par_1_1' title="bbox 338 379 1267 463">
     <span class='ocr_line' id='line_1_1' title="bbox 338 379 1267 463; baseline 0 -13"><span class='ocrx_word' id='word_1_1' title='bbox 338 393 474 450; x_wconf 76' lang='lat' dir='ltr'><strong>Adortus</strong></span> <span class='ocrx_word' id='word_1_2' title='bbox 492 393 669 463; x_wconf 72' lang='lat' dir='ltr'><strong>artificialis</strong></span> <span class='ocrx_word' id='word_1_3' title='bbox 688 399 718 452; x_wconf 83' lang='lat' dir='ltr'><strong>et</strong></span> <span class='ocrx_word' id='word_1_4' title='bbox 736 397 955 451; x_wconf 69' lang='lat' dir='ltr'><strong>crontotoma&#39;a.</strong></span> <span class='ocrx_word' id='word_1_5' title='bbox 1225 379 1267 445; x_wconf 82' lang='grc'><strong>69</strong></span> 
     </span>
    </p>
   </div>
   <div class='ocr_carea' id='block_1_2' title="bbox 7 563 1269 3239">
    <p class='ocr_par' dir='ltr' id='par_1_2' title="bbox 7 563 1269 3239">
     <span class='ocr_line' id='line_1_2' title="bbox 7 563 1265 654; baseline 0.002 -23"><span class='ocrx_word' id='word_1_6' title='bbox 7 570 82 650; x_wconf 84' lang='lat' dir='ltr'><strong>ipss</strong></span> <span class='ocrx_word' id='word_1_7' title='bbox 110 567 149 631; x_wconf 85' lang='lat' dir='ltr'><strong>et</strong></span> <span class='ocrx_word' id='word_1_8' title='bbox 169 565 286 630; x_wconf 89' lang='lat' dir='ltr'><strong>directe</strong></span> <span class='ocrx_word' id='word_1_9' title='bbox 307 565 410 630; x_wconf 86' lang='lat' dir='ltr'><strong>influit</strong></span> <span class='ocrx_word' id='word_1_10' title='bbox 431 564 464 629; x_wconf 91' lang='lat' dir='ltr'><strong>in</strong></span> <span class='ocrx_word' id='word_1_11' title='bbox 488 565 659 632; x_wconf 77' lang='lat' dir='ltr'><strong>effectum?</strong></span> <span class='ocrx_word' id='word_1_12' title='bbox 704 563 792 632; x_wconf 83' lang='lat' dir='ltr'>Unde</span> <span class='ocrx_word' id='word_1_13' title='bbox 812 565 983 632; x_wconf 79' lang='lat' dir='ltr'><strong>rectissime</strong></span> <span class='ocrx_word' id='word_1_14' title='bbox 1007 565 1212 650; x_wconf 82' lang='lat' dir='ltr'><strong>Ocpellmonn</strong></span> <span class='ocrx_word' id='word_1_15' title='bbox 1224 569 1265 654; x_wconf 85' lang='lat'><strong>1):</strong></span> 
     </span>
     <span class='ocr_line' id='line_1_3' title="bbox 12 667 1267 754; baseline 0.005 -23"><span class='ocrx_word' id='word_1_16' title='bbox 12 671 106 734; x_wconf 80' lang='lat' dir='ltr'><strong>»Das</strong></span> <span class='ocrx_word' id='word_1_17' title='bbox 136 667 220 734; x_wconf 83' lang='lat' dir='ltr'><strong>Kind</strong></span> <span class='ocrx_word' id='word_1_18' title='bbox 244 668 286 734; x_wconf 89' lang='lat' dir='ltr'><strong>ist</strong></span> <span class='ocrx_word' id='word_1_19' title='bbox 308 669 386 735; x_wconf 88' lang='lat' dir='ltr'><strong>ohne</strong></span> <span class='ocrx_word' id='word_1_20' title='bbox 407 668 477 752; x_wconf 84' lang='lat' dir='ltr'><strong>jede</strong></span> <span class='ocrx_word' id='word_1_21' title='bbox 496 670 604 752; x_wconf 85' lang='lat' dir='ltr'><strong>eigana</strong></span> <span class='ocrx_word' id='word_1_22' title='bbox 627 669 812 754; x_wconf 78' lang='lat' dir='ltr'><strong>nnatigrsit</strong></span> <span class='ocrx_word' id='word_1_23' title='bbox 835 670 896 735; x_wconf 89' lang='lat' dir='ltr'><strong>und</strong></span> <span class='ocrx_word' id='word_1_24' title='bbox 919 669 997 734; x_wconf 84' lang='lat' dir='ltr'><strong>ohne</strong></span> <span class='ocrx_word' id='word_1_25' title='bbox 1014 672 1101 735; x_wconf 92' lang='lat' dir='ltr'><strong>sinen</strong></span> <span class='ocrx_word' id='word_1_26' title='bbox 1119 672 1267 738; x_wconf 84' lang='lat' dir='ltr'><strong>Willeus·</strong></span> 
     </span>
     <span class='ocr_line' id='line_1_4' title="bbox 9 773 1266 856; baseline 0 -16"><span class='ocrx_word' id='word_1_27' title='bbox 9 775 68 840; x_wconf 85' lang='lat' dir='ltr'><strong>airt</strong></span> <span class='ocrx_word' id='word_1_28' title='bbox 94 773 135 838; x_wconf 90' lang='lat' dir='ltr'><strong>in</strong></span> <span class='ocrx_word' id='word_1_29' title='bbox 159 773 210 839; x_wconf 88' lang='lat' dir='ltr'><strong>dis</strong></span> <span class='ocrx_word' id='word_1_30' title='bbox 233 773 318 856; x_wconf 78' lang='lat' dir='ltr'><strong>hage</strong></span> <span class='ocrx_word' id='word_1_31' title='bbox 341 773 536 856; x_wconf 84' lang='lat' dir='ltr'><strong>gekommen‚</strong></span> <span class='ocrx_word' id='word_1_32' title='bbox 567 773 615 837; x_wconf 78' lang='lat' dir='ltr'><strong>fiir</strong></span> <span class='ocrx_word' id='word_1_33' title='bbox 645 773 701 839; x_wconf 89' lang='lat' dir='ltr'><strong>das</strong></span> <span class='ocrx_word' id='word_1_34' title='bbox 724 773 825 838; x_wconf 88' lang='lat' dir='ltr'><strong>Leben</strong></span> <span class='ocrx_word' id='word_1_35' title='bbox 846 774 945 838; x_wconf 89' lang='lat' dir='ltr'><strong>sciner</strong></span> <span class='ocrx_word' id='word_1_36' title='bbox 970 773 1088 839; x_wconf 88' lang='lat' dir='ltr'><strong>Muttsr</strong></span> <span class='ocrx_word' id='word_1_37' title='bbox 1111 775 1266 840; x_wconf 87' lang='lat' dir='ltr'><strong>eventuell</strong></span> 
     </span>
     <span class='ocr_line' id='line_1_5' title="bbox 8 876 1269 963; baseline 0.002 -21"><span class='ocrx_word' id='word_1_38' title='bbox 8 877 199 963; x_wconf 80' lang='lat' dir='ltr'><strong>gemhrlich</strong></span> <span class='ocrx_word' id='word_1_39' title='bbox 223 897 260 942; x_wconf 91' lang='lat' dir='ltr'><strong>zu</strong></span> <span class='ocrx_word' id='word_1_40' title='bbox 282 876 410 942; x_wconf 84' lang='lat' dir='ltr'><strong>werden.</strong></span> <span class='ocrx_word' id='word_1_41' title='bbox 458 876 561 941; x_wconf 88' lang='lat' dir='ltr'><strong>Dahcr</strong></span> <span class='ocrx_word' id='word_1_42' title='bbox 590 877 672 942; x_wconf 83' lang='lat' dir='ltr'><strong>kann</strong></span> <span class='ocrx_word' id='word_1_43' title='bbox 702 895 758 942; x_wconf 88' lang='lat' dir='ltr'><strong>von</strong></span> <span class='ocrx_word' id='word_1_44' title='bbox 786 877 886 942; x_wconf 88' lang='lat' dir='ltr'><strong>sineru</strong></span> <span class='ocrx_word' id='word_1_45' title='bbox 909 879 1117 961; x_wconf 88' lang='lat' dir='ltr'><strong>nngcraohten</strong></span> <span class='ocrx_word' id='word_1_46' title='bbox 1142 878 1269 962; x_wconf 83' lang='lat' dir='ltr'><strong>Angriii</strong></span> 
     </span>
     <span class='ocr_line' id='line_1_6' title="bbox 9 979 1265 1064; baseline 0 -17"><span class='ocrx_word' id='word_1_47' title='bbox 9 982 149 1047; x_wconf 76' lang='lat' dir='ltr'><strong>absolut</strong></span> <span class='ocrx_word' id='word_1_48' title='bbox 175 981 266 1044; x_wconf 87' lang='lat' dir='ltr'><strong>keine</strong></span> <span class='ocrx_word' id='word_1_49' title='bbox 293 979 374 1045; x_wconf 86' lang='lat' dir='ltr'><strong>Reda</strong></span> <span class='ocrx_word' id='word_1_50' title='bbox 395 981 469 1046; x_wconf 90' lang='lat' dir='ltr'><strong>sein.</strong></span> <span class='ocrx_word' id='word_1_51' title='bbox 495 1030 502 1044; x_wconf 90' lang='lat'><strong><em>.</em></strong></span> <span class='ocrx_word' id='word_1_52' title='bbox 527 1029 535 1044; x_wconf 88' lang='lat'><strong><em>.</em></strong></span> <span class='ocrx_word' id='word_1_53' title='bbox 561 1029 568 1044; x_wconf 90' lang='lat'><strong>.</strong></span> <span class='ocrx_word' id='word_1_54' title='bbox 591 980 628 1044; x_wconf 88' lang='lat' dir='ltr'><strong>In</strong></span> <span class='ocrx_word' id='word_1_55' title='bbox 649 980 702 1046; x_wconf 86' lang='lat' dir='ltr'><strong>dor</strong></span> <span class='ocrx_word' id='word_1_56' title='bbox 725 981 775 1046; x_wconf 87' lang='lat' dir='ltr'><strong>bei</strong></span> <span class='ocrx_word' id='word_1_57' title='bbox 801 979 920 1045; x_wconf 86' lang='lat' dir='ltr'><strong>weitcm</strong></span> <span class='ocrx_word' id='word_1_58' title='bbox 945 983 1085 1064; x_wconf 80' lang='lat' dir='ltr'><strong>grossten</strong></span> <span class='ocrx_word' id='word_1_59' title='bbox 1107 982 1265 1047; x_wconf 83' lang='lat' dir='ltr'><strong>Mehrzahl</strong></span> 
     </span>
     <span class='ocr_line' id='line_1_7' title="bbox 8 1081 1263 1168; baseline 0.001 -20"><span class='ocrx_word' id='word_1_60' title='bbox 8 1087 61 1150; x_wconf 92' lang='lat' dir='ltr'><strong>der</strong></span> <span class='ocrx_word' id='word_1_61' title='bbox 88 1083 188 1150; x_wconf 71' lang='lat' dir='ltr'><strong>Falla</strong></span> <span class='ocrx_word' id='word_1_62' title='bbox 211 1083 290 1168; x_wconf 88' lang='lat' dir='ltr'><strong>iisgt</strong></span> <span class='ocrx_word' id='word_1_63' title='bbox 312 1082 367 1148; x_wconf 90' lang='lat' dir='ltr'><strong>das</strong></span> <span class='ocrx_word' id='word_1_64' title='bbox 390 1082 700 1150; x_wconf 85' lang='lat' dir='ltr'><strong>Geburtshinderniss</strong></span> <span class='ocrx_word' id='word_1_65' title='bbox 727 1083 783 1149; x_wconf 86' lang='lat' dir='ltr'><strong>anf</strong></span> <span class='ocrx_word' id='word_1_66' title='bbox 806 1081 910 1149; x_wconf 88' lang='lat' dir='ltr'><strong>Seiten</strong></span> <span class='ocrx_word' id='word_1_67' title='bbox 940 1084 993 1149; x_wconf 84' lang='lat' dir='ltr'><strong>dar</strong></span> <span class='ocrx_word' id='word_1_68' title='bbox 1022 1085 1141 1150; x_wconf 85' lang='lat' dir='ltr'><strong>Mutter</strong></span> <span class='ocrx_word' id='word_1_69' title='bbox 1168 1085 1263 1150; x_wconf 80' lang='lat' dir='ltr'>durch</span> 
     </span>
     <span class='ocr_line' id='line_1_8' title="bbox 12 1186 1264 1272; baseline -0.002 -18"><span class='ocrx_word' id='word_1_70' title='bbox 12 1189 230 1272; x_wconf 83' lang='lat' dir='ltr'><strong>Beckeuengs</strong></span> <span class='ocrx_word' id='word_1_71' title='bbox 251 1188 310 1253; x_wconf 88' lang='lat' dir='ltr'><strong>etc.</strong></span> <span class='ocrx_word' id='word_1_72' title='bbox 335 1238 342 1253; x_wconf 86' lang='lat'><strong>.</strong></span> <span class='ocrx_word' id='word_1_73' title='bbox 366 1236 373 1251; x_wconf 91' lang='lat'>.</span> <span class='ocrx_word' id='word_1_74' title='bbox 398 1237 405 1252; x_wconf 90' lang='lat'><strong>.</strong></span> <span class='ocrx_word' id='word_1_75' title='bbox 431 1187 529 1252; x_wconf 88' lang='lat' dir='ltr'><strong>Wenn</strong></span> <span class='ocrx_word' id='word_1_76' title='bbox 553 1186 619 1252; x_wconf 88' lang='lat' dir='ltr'><strong>also</strong></span> <span class='ocrx_word' id='word_1_77' title='bbox 639 1187 735 1252; x_wconf 82' lang='lat' dir='ltr'><strong>durch</strong></span> <span class='ocrx_word' id='word_1_78' title='bbox 753 1187 841 1252; x_wconf 90' lang='lat' dir='ltr'><strong>einen</strong></span> <span class='ocrx_word' id='word_1_79' title='bbox 859 1187 1048 1252; x_wconf 81' lang='lat' dir='ltr'><strong>willensakt</strong></span> <span class='ocrx_word' id='word_1_80' title='bbox 1068 1188 1122 1252; x_wconf 88' lang='lat' dir='ltr'><strong>dor</strong></span> <span class='ocrx_word' id='word_1_81' title='bbox 1139 1189 1264 1267; x_wconf 86' lang='lat' dir='ltr'><strong>Muttsr,</strong></span> 
     </span>
     <span class='ocr_line' id='line_1_9' title="bbox 10 1289 1265 1375; baseline 0.002 -19"><span class='ocrx_word' id='word_1_82' title='bbox 10 1294 59 1357; x_wconf 87' lang='lat' dir='ltr'><strong>die</strong></span> <span class='ocrx_word' id='word_1_83' title='bbox 87 1292 267 1375; x_wconf 83' lang='lat' dir='ltr'><strong>Zeugnng,</strong></span> <span class='ocrx_word' id='word_1_84' title='bbox 290 1291 345 1356; x_wconf 89' lang='lat' dir='ltr'><strong>das</strong></span> <span class='ocrx_word' id='word_1_85' title='bbox 367 1291 451 1355; x_wconf 85' lang='lat' dir='ltr'><strong>Kind</strong></span> <span class='ocrx_word' id='word_1_86' title='bbox 472 1291 551 1357; x_wconf 88' lang='lat' dir='ltr'><strong>ohne</strong></span> <span class='ocrx_word' id='word_1_87' title='bbox 573 1290 639 1355; x_wconf 90' lang='lat' dir='ltr'><strong>sein</strong></span> <span class='ocrx_word' id='word_1_88' title='bbox 660 1291 785 1356; x_wconf 85' lang='lat' dir='ltr'><strong>Zuthnn</strong></span> <span class='ocrx_word' id='word_1_89' title='bbox 808 1291 840 1355; x_wconf 92' lang='lat' dir='ltr'><strong>in</strong></span> <span class='ocrx_word' id='word_1_90' title='bbox 862 1290 911 1355; x_wconf 93' lang='lat' dir='ltr'><strong>die</strong></span> <span class='ocrx_word' id='word_1_91' title='bbox 932 1289 1138 1358; x_wconf 87' lang='lat' dir='ltr'><strong>intrauterine</strong></span> <span class='ocrx_word' id='word_1_92' title='bbox 1161 1293 1265 1358; x_wconf 82' lang='lat' dir='ltr'><strong>Situs·</strong></span> 
     </span>
     <span class='ocr_line' id='line_1_10' title="bbox 10 1394 1265 1480; baseline -0.002 -18"><span class='ocrx_word' id='word_1_93' title='bbox 10 1397 76 1462; x_wconf 90' lang='lat' dir='ltr'><strong>tion</strong></span> <span class='ocrx_word' id='word_1_94' title='bbox 104 1395 315 1480; x_wconf 83' lang='lat' dir='ltr'><strong>geirommen‚</strong></span> <span class='ocrx_word' id='word_1_95' title='bbox 347 1413 433 1460; x_wconf 84' lang='lat' dir='ltr'><strong>nanu</strong></span> <span class='ocrx_word' id='word_1_96' title='bbox 455 1394 552 1460; x_wconf 80' lang='lat' dir='ltr'>durch</span> <span class='ocrx_word' id='word_1_97' title='bbox 576 1394 643 1459; x_wconf 89' lang='lat' dir='ltr'><strong>eine</strong></span> <span class='ocrx_word' id='word_1_98' title='bbox 667 1413 724 1460; x_wconf 86' lang='lat' dir='ltr'><strong>von</strong></span> <span class='ocrx_word' id='word_1_99' title='bbox 746 1395 800 1459; x_wconf 88' lang='lat' dir='ltr'><strong>dar</strong></span> <span class='ocrx_word' id='word_1_100' title='bbox 825 1395 942 1458; x_wconf 88' lang='lat' dir='ltr'><strong>Mutter</strong></span> <span class='ocrx_word' id='word_1_101' title='bbox 965 1395 1161 1480; x_wconf 87' lang='lat' dir='ltr'><strong>ausgehende</strong></span> <span class='ocrx_word' id='word_1_102' title='bbox 1183 1397 1265 1460; x_wconf 76' lang='lat' dir='ltr'><strong>Tha·</strong></span> 
     </span>
     <span class='ocr_line' id='line_1_11' title="bbox 10 1497 1265 1584; baseline 0 -20"><span class='ocrx_word' id='word_1_103' title='bbox 10 1500 139 1584; x_wconf 81' lang='lat' dir='ltr'><strong>tigkeit</strong></span> <span class='ocrx_word' id='word_1_104' title='bbox 164 1499 216 1563; x_wconf 91' lang='lat' dir='ltr'><strong>die</strong></span> <span class='ocrx_word' id='word_1_105' title='bbox 239 1498 433 1581; x_wconf 76' lang='lat' dir='ltr'><strong>Entiernung</strong></span> <span class='ocrx_word' id='word_1_106' title='bbox 455 1497 509 1563; x_wconf 89' lang='lat' dir='ltr'><strong>des</strong></span> <span class='ocrx_word' id='word_1_107' title='bbox 532 1497 650 1564; x_wconf 86' lang='lat' dir='ltr'><strong>Kindes</strong></span> <span class='ocrx_word' id='word_1_108' title='bbox 684 1518 740 1564; x_wconf 90' lang='lat' dir='ltr'><strong>aus</strong></span> <span class='ocrx_word' id='word_1_109' title='bbox 770 1498 839 1563; x_wconf 87' lang='lat' dir='ltr'><strong>dem</strong></span> <span class='ocrx_word' id='word_1_110' title='bbox 871 1499 984 1564; x_wconf 90' lang='lat' dir='ltr'><strong>Utsrus</strong></span> <span class='ocrx_word' id='word_1_111' title='bbox 1016 1500 1150 1566; x_wconf 89' lang='lat' dir='ltr'><strong>erstrebt</strong></span> <span class='ocrx_word' id='word_1_112' title='bbox 1178 1499 1265 1577; x_wconf 78' lang='lat' dir='ltr'><strong>wird,</strong></span> 
     </span>
     <span class='ocr_line' id='line_1_12' title="bbox 11 1601 1264 1686; baseline 0.004 -22"><span class='ocrx_word' id='word_1_113' title='bbox 11 1623 100 1669; x_wconf 79' lang='lat' dir='ltr'><strong>arcun</strong></span> <span class='ocrx_word' id='word_1_114' title='bbox 129 1601 257 1668; x_wconf 88' lang='lat' dir='ltr'><strong>endlich</strong></span> <span class='ocrx_word' id='word_1_115' title='bbox 281 1601 388 1683; x_wconf 87' lang='lat' dir='ltr'><strong>(meist</strong></span> <span class='ocrx_word' id='word_1_116' title='bbox 403 1601 598 1686; x_wconf 86' lang='lat' dir='ltr'><strong>wenigstens)</strong></span> <span class='ocrx_word' id='word_1_117' title='bbox 615 1601 826 1680; x_wconf 87' lang='lat' dir='ltr'><strong>Hindsrnisse,</strong></span> <span class='ocrx_word' id='word_1_118' title='bbox 848 1602 898 1666; x_wconf 89' lang='lat' dir='ltr'><strong>die</strong></span> <span class='ocrx_word' id='word_1_119' title='bbox 917 1621 974 1666; x_wconf 89' lang='lat' dir='ltr'><strong>von</strong></span> <span class='ocrx_word' id='word_1_120' title='bbox 992 1602 1047 1667; x_wconf 91' lang='lat' dir='ltr'><strong>der</strong></span> <span class='ocrx_word' id='word_1_121' title='bbox 1063 1603 1180 1668; x_wconf 87' lang='lat' dir='ltr'><strong>Muttcr</strong></span> <span class='ocrx_word' id='word_1_122' title='bbox 1195 1622 1264 1669; x_wconf 87' lang='lat' dir='ltr'><strong>aus·</strong></span> 
     </span>
     <span class='ocr_line' id='line_1_13' title="bbox 12 1704 1265 1791; baseline 0 -19"><span class='ocrx_word' id='word_1_123' title='bbox 12 1709 130 1791; x_wconf 87' lang='lat' dir='ltr'><strong>gehen,</strong></span> <span class='ocrx_word' id='word_1_124' title='bbox 159 1705 244 1770; x_wconf 85' lang='lat' dir='ltr'><strong>disse</strong></span> <span class='ocrx_word' id='word_1_125' title='bbox 265 1704 459 1790; x_wconf 80' lang='lat' dir='ltr'><strong>idntfernung</strong></span> <span class='ocrx_word' id='word_1_126' title='bbox 479 1707 580 1770; x_wconf 84' lang='lat' dir='ltr'><strong>stdren</strong></span> <span class='ocrx_word' id='word_1_127' title='bbox 605 1705 677 1770; x_wconf 89' lang='lat' dir='ltr'><strong>oder</strong></span> <span class='ocrx_word' id='word_1_128' title='bbox 693 1705 824 1771; x_wconf 88' lang='lat' dir='ltr'><strong>hindern</strong></span> <span class='ocrx_word' id='word_1_129' title='bbox 847 1706 909 1770; x_wconf 94' lang='lat' dir='ltr'><strong>und</strong></span> <span class='ocrx_word' id='word_1_130' title='bbox 925 1706 1023 1772; x_wconf 83' lang='lat' dir='ltr'><strong>durch</strong></span> <span class='ocrx_word' id='word_1_131' title='bbox 1039 1706 1121 1772; x_wconf 88' lang='lat' dir='ltr'><strong>disse</strong></span> <span class='ocrx_word' id='word_1_132' title='bbox 1136 1708 1265 1772; x_wconf 76' lang='lat' dir='ltr'><strong>sammt-</strong></span> 
     </span>
     <span class='ocr_line' id='line_1_14' title="bbox 12 1807 1263 1893; baseline 0 -19"><span class='ocrx_word' id='word_1_133' title='bbox 12 1811 93 1875; x_wconf 83' lang='lat' dir='ltr'><strong>licha</strong></span> <span class='ocrx_word' id='word_1_134' title='bbox 121 1827 186 1874; x_wconf 84' lang='lat' dir='ltr'><strong>von</strong></span> <span class='ocrx_word' id='word_1_135' title='bbox 211 1807 265 1872; x_wconf 93' lang='lat' dir='ltr'><strong>der</strong></span> <span class='ocrx_word' id='word_1_136' title='bbox 287 1807 405 1874; x_wconf 86' lang='lat' dir='ltr'><strong>Mutter</strong></span> <span class='ocrx_word' id='word_1_137' title='bbox 427 1827 685 1893; x_wconf 87' lang='lat' dir='ltr'><strong>ausgegangenan</strong></span> <span class='ocrx_word' id='word_1_138' title='bbox 703 1809 871 1875; x_wconf 79' lang='lat' dir='ltr'><strong>Umsttnda</strong></span> <span class='ocrx_word' id='word_1_139' title='bbox 896 1810 951 1873; x_wconf 88' lang='lat' dir='ltr'><strong>das</strong></span> <span class='ocrx_word' id='word_1_140' title='bbox 971 1809 1075 1875; x_wconf 83' lang='lat' dir='ltr'><strong>Leben</strong></span> <span class='ocrx_word' id='word_1_141' title='bbox 1099 1809 1210 1874; x_wconf 89' lang='lat' dir='ltr'><strong>Beider</strong></span> <span class='ocrx_word' id='word_1_142' title='bbox 1232 1811 1263 1874; x_wconf 91' lang='lat' dir='ltr'><strong>iu</strong></span> 
     </span>
     <span class='ocr_line' id='line_1_15' title="bbox 14 1912 1264 1995; baseline 0.002 -18"><span class='ocrx_word' id='word_1_143' title='bbox 14 1914 137 1978; x_wconf 83' lang='lat' dir='ltr'><strong>Gefahr</strong></span> <span class='ocrx_word' id='word_1_144' title='bbox 163 1913 293 1988; x_wconf 81' lang='lat' dir='ltr'><strong>kommt,</strong></span> <span class='ocrx_word' id='word_1_145' title='bbox 317 1913 398 1977; x_wconf 83' lang='lat' dir='ltr'><strong>kann</strong></span> <span class='ocrx_word' id='word_1_146' title='bbox 424 1912 464 1976; x_wconf 89' lang='lat' dir='ltr'><strong>da</strong></span> <span class='ocrx_word' id='word_1_147' title='bbox 487 1912 563 1977; x_wconf 90' lang='lat' dir='ltr'><strong>noch</strong></span> <span class='ocrx_word' id='word_1_148' title='bbox 590 1913 649 1977; x_wconf 86' lang='lat' dir='ltr'><strong>mit</strong></span> <span class='ocrx_word' id='word_1_149' title='bbox 670 1912 779 1995; x_wconf 88' lang='lat' dir='ltr'><strong>irgend</strong></span> <span class='ocrx_word' id='word_1_150' title='bbox 802 1913 899 1978; x_wconf 87' lang='lat' dir='ltr'><strong>ciuem</strong></span> <span class='ocrx_word' id='word_1_151' title='bbox 926 1913 1024 1979; x_wconf 82' lang='lat' dir='ltr'><strong>Recht</strong></span> <span class='ocrx_word' id='word_1_152' title='bbox 1039 1913 1094 1978; x_wconf 89' lang='lat' dir='ltr'><strong>das</strong></span> <span class='ocrx_word' id='word_1_153' title='bbox 1111 1913 1195 1979; x_wconf 87' lang='lat' dir='ltr'><strong>Kind</strong></span> <span class='ocrx_word' id='word_1_154' title='bbox 1216 1915 1264 1979; x_wconf 89' lang='lat' dir='ltr'><strong>ein</strong></span> 
     </span>
     <span class='ocr_line' id='line_1_16' title="bbox 19 2015 1262 2101; baseline 0.001 -26"><span class='ocrx_word' id='word_1_155' title='bbox 19 2015 231 2101; x_wconf 71' lang='lat' dir='ltr'><strong>»ingreifers</strong></span> <span class='ocrx_word' id='word_1_156' title='bbox 255 2015 328 2081; x_wconf 91' lang='lat' dir='ltr'><strong>oder</strong></span> <span class='ocrx_word' id='word_1_157' title='bbox 351 2034 407 2100; x_wconf 86' lang='lat' dir='ltr'><strong>gar</strong></span> <span class='ocrx_word' id='word_1_158' title='bbox 429 2015 478 2081; x_wconf 90' lang='lat' dir='ltr'><strong>eiu</strong></span> <span class='ocrx_word' id='word_1_159' title='bbox 503 2015 725 2100; x_wconf 80' lang='lat' dir='ltr'><strong>›ungerechter</strong></span> <span class='ocrx_word' id='word_1_160' title='bbox 743 2016 923 2100; x_wconf 82' lang='lat' dir='ltr'><strong>Angreifer‹</strong></span> <span class='ocrx_word' id='word_1_161' title='bbox 946 2019 1083 2100; x_wconf 82' lang='lat' dir='ltr'><strong>genennt</strong></span> <span class='ocrx_word' id='word_1_162' title='bbox 1099 2018 1262 2086; x_wconf 71' lang='lat' dir='ltr'><strong>werdoni«</strong></span> 
     </span>
     <span class='ocr_line' id='line_1_17' title="bbox 119 2119 1264 2204; baseline 0 -18"><span class='ocrx_word' id='word_1_163' title='bbox 119 2119 231 2186; x_wconf 88' lang='lat' dir='ltr'><strong>Simili</strong></span> <span class='ocrx_word' id='word_1_164' title='bbox 251 2119 340 2184; x_wconf 89' lang='lat' dir='ltr'><strong>modo</strong></span> <span class='ocrx_word' id='word_1_165' title='bbox 366 2123 570 2202; x_wconf 79' lang='lat' dir='ltr'><strong>argumentur</strong></span> <span class='ocrx_word' id='word_1_166' title='bbox 592 2121 630 2186; x_wconf 86' lang='lat' dir='ltr'><strong>ci.</strong></span> <span class='ocrx_word' id='word_1_167' title='bbox 658 2119 889 2204; x_wconf 62' lang='lat' dir='ltr'><strong>aduncata:</strong></span> <span class='ocrx_word' id='word_1_168' title='bbox 924 2121 1057 2185; x_wconf 79' lang='lat' dir='ltr'><strong>»Verum</strong></span> <span class='ocrx_word' id='word_1_169' title='bbox 1082 2119 1264 2204; x_wconf 89' lang='lat' dir='ltr'><strong>principium</strong></span> 
     </span>
     <span class='ocr_line' id='line_1_18' title="bbox 21 2221 1265 2308; baseline 0.001 -20"><span class='ocrx_word' id='word_1_170' title='bbox 21 2225 91 2288; x_wconf 87' lang='lat' dir='ltr'><strong>illud</strong></span> <span class='ocrx_word' id='word_1_171' title='bbox 118 2223 162 2288; x_wconf 91' lang='lat' dir='ltr'><strong>de</strong></span> <span class='ocrx_word' id='word_1_172' title='bbox 187 2221 362 2306; x_wconf 89' lang='lat' dir='ltr'><strong>repellendo</strong></span> <span class='ocrx_word' id='word_1_173' title='bbox 385 2241 565 2307; x_wconf 87' lang='lat' dir='ltr'><strong>aggressura</strong></span> <span class='ocrx_word' id='word_1_174' title='bbox 593 2223 711 2289; x_wconf 84' lang='lat' dir='ltr'><strong>inillis</strong></span> <span class='ocrx_word' id='word_1_175' title='bbox 734 2223 976 2288; x_wconf 78' lang='lat' dir='ltr'><strong>circumstantiis</strong></span> <span class='ocrx_word' id='word_1_176' title='bbox 1002 2225 1085 2290; x_wconf 89' lang='lat' dir='ltr'><strong>certe</strong></span> <span class='ocrx_word' id='word_1_177' title='bbox 1108 2224 1265 2308; x_wconf 84' lang='lat' dir='ltr'><strong>applicata</strong></span> 
     </span>
     <span class='ocr_line' id='line_1_19' title="bbox 23 2326 1265 2410; baseline 0.001 -18"><span class='ocrx_word' id='word_1_178' title='bbox 23 2327 151 2394; x_wconf 86' lang='lat' dir='ltr'><strong>difficile</strong></span> <span class='ocrx_word' id='word_1_179' title='bbox 176 2326 227 2392; x_wconf 81' lang='lat' dir='ltr'><strong>est</strong></span> <span class='ocrx_word' id='word_1_180' title='bbox 249 2376 304 2393; x_wconf 88' lang='lat'><strong>...</strong></span> <span class='ocrx_word' id='word_1_181' title='bbox 330 2327 410 2391; x_wconf 89' lang='lat' dir='ltr'><strong>Nam</strong></span> <span class='ocrx_word' id='word_1_182' title='bbox 436 2327 463 2394; x_wconf 92' lang='lat'><strong>1.</strong></span> <span class='ocrx_word' id='word_1_183' title='bbox 487 2326 593 2392; x_wconf 90' lang='lat' dir='ltr'><strong>eodem</strong></span> <span class='ocrx_word' id='word_1_184' title='bbox 615 2327 682 2391; x_wconf 88' lang='lat' dir='ltr'><strong>iure</strong></span> <span class='ocrx_word' id='word_1_185' title='bbox 704 2329 761 2391; x_wconf 86' lang='lat' dir='ltr'><strong>aut</strong></span> <span class='ocrx_word' id='word_1_186' title='bbox 783 2326 898 2410; x_wconf 89' lang='lat' dir='ltr'><strong>potiore</strong></span> <span class='ocrx_word' id='word_1_187' title='bbox 919 2326 1019 2391; x_wconf 87' lang='lat' dir='ltr'><strong>dicere</strong></span> <span class='ocrx_word' id='word_1_188' title='bbox 1039 2345 1172 2410; x_wconf 78' lang='lat' dir='ltr'><strong>possum,</strong></span> <span class='ocrx_word' id='word_1_189' title='bbox 1200 2348 1265 2393; x_wconf 87' lang='lat' dir='ltr'><strong>ma·</strong></span> 
     </span>
     <span class='ocr_line' id='line_1_20' title="bbox 7 2428 1265 2514; baseline 0.002 -20"><span class='ocrx_word' id='word_1_190' title='bbox 7 2437 93 2511; x_wconf 48' lang='lat' dir='ltr'><strong>ptrem</strong></span> <span class='ocrx_word' id='word_1_191' title='bbox 120 2449 195 2496; x_wconf 85' lang='lat' dir='ltr'><strong>csse</strong></span> <span class='ocrx_word' id='word_1_192' title='bbox 220 2447 432 2514; x_wconf 87' lang='lat' dir='ltr'><strong>aggressorem</strong></span> <span class='ocrx_word' id='word_1_193' title='bbox 455 2430 538 2495; x_wconf 82' lang='lat' dir='ltr'><strong>vitas</strong></span> <span class='ocrx_word' id='word_1_194' title='bbox 560 2428 699 2509; x_wconf 81' lang='lat' dir='ltr'><strong>intentis,</strong></span> <span class='ocrx_word' id='word_1_195' title='bbox 722 2480 780 2498; x_wconf 87' lang='lat'><strong>...</strong></span> <span class='ocrx_word' id='word_1_196' title='bbox 805 2431 834 2496; x_wconf 87' lang='lat'><strong>2.</strong></span> <span class='ocrx_word' id='word_1_197' title='bbox 857 2430 883 2494; x_wconf 89' lang='lat' dir='ltr'><strong>si</strong></span> <span class='ocrx_word' id='word_1_198' title='bbox 906 2449 941 2494; x_wconf 86' lang='lat' dir='ltr'><strong>er</strong></span> <span class='ocrx_word' id='word_1_199' title='bbox 962 2431 1046 2496; x_wconf 83' lang='lat' dir='ltr'><strong>foetu</strong></span> <span class='ocrx_word' id='word_1_200' title='bbox 1071 2432 1102 2495; x_wconf 91' lang='lat' dir='ltr'><strong>iu</strong></span> <span class='ocrx_word' id='word_1_201' title='bbox 1126 2433 1265 2498; x_wconf 90' lang='lat' dir='ltr'><strong>materno</strong></span> 
     </span>
     <span class='ocr_line' id='line_1_21' title="bbox 25 2533 1263 2618; baseline 0.002 -20"><span class='ocrx_word' id='word_1_202' title='bbox 25 2539 102 2601; x_wconf 85' lang='lat' dir='ltr'><strong>ntero</strong></span> <span class='ocrx_word' id='word_1_203' title='bbox 130 2535 286 2600; x_wconf 80' lang='lat' dir='ltr'><strong>existente</strong></span> <span class='ocrx_word' id='word_1_204' title='bbox 307 2534 417 2599; x_wconf 89' lang='lat' dir='ltr'><strong>matris</strong></span> <span class='ocrx_word' id='word_1_205' title='bbox 441 2533 566 2600; x_wconf 88' lang='lat' dir='ltr'><strong>morbus</strong></span> <span class='ocrx_word' id='word_1_206' title='bbox 589 2533 779 2618; x_wconf 84' lang='lat' dir='ltr'><strong>aggravatur</strong></span> <span class='ocrx_word' id='word_1_207' title='bbox 810 2535 841 2600; x_wconf 91' lang='lat' dir='ltr'><strong>et</strong></span> <span class='ocrx_word' id='word_1_208' title='bbox 873 2534 978 2599; x_wconf 83' lang='lat' dir='ltr'><strong>fatalis</strong></span> <span class='ocrx_word' id='word_1_209' title='bbox 1006 2535 1127 2612; x_wconf 78' lang='lat' dir='ltr'><strong>evadit,</strong></span> <span class='ocrx_word' id='word_1_210' title='bbox 1158 2533 1263 2600; x_wconf 90' lang='lat' dir='ltr'><strong>eodem</strong></span> 
     </span>
     <span class='ocr_line' id='line_1_22' title="bbox 28 2637 1262 2722; baseline -0.001 -20"><span class='ocrx_word' id='word_1_211' title='bbox 28 2641 76 2704; x_wconf 83' lang='lat' dir='ltr'><strong>iare</strong></span> <span class='ocrx_word' id='word_1_212' title='bbox 100 2637 200 2705; x_wconf 89' lang='lat' dir='ltr'><strong>modo</strong></span> <span class='ocrx_word' id='word_1_213' title='bbox 223 2655 385 2722; x_wconf 80' lang='lat' dir='ltr'><strong>aggressor</strong></span> <span class='ocrx_word' id='word_1_214' title='bbox 407 2638 456 2702; x_wconf 91' lang='lat' dir='ltr'><strong>est</strong></span> <span class='ocrx_word' id='word_1_215' title='bbox 478 2638 560 2702; x_wconf 86' lang='lat' dir='ltr'><strong>vitas</strong></span> <span class='ocrx_word' id='word_1_216' title='bbox 583 2637 702 2716; x_wconf 86' lang='lat' dir='ltr'><strong>matris,</strong></span> <span class='ocrx_word' id='word_1_217' title='bbox 725 2637 805 2703; x_wconf 89' lang='lat' dir='ltr'><strong>sicut</strong></span> <span class='ocrx_word' id='word_1_218' title='bbox 828 2638 949 2720; x_wconf 76' lang='lat' dir='ltr'><strong>aliquis,</strong></span> <span class='ocrx_word' id='word_1_219' title='bbox 973 2638 1062 2703; x_wconf 90' lang='lat' dir='ltr'><strong>cuius</strong></span> <span class='ocrx_word' id='word_1_220' title='bbox 1084 2638 1262 2704; x_wconf 86' lang='lat' dir='ltr'><strong>societatem</strong></span> 
     </span>
     <span class='ocr_line' id='line_1_23' title="bbox 29 2740 1262 2825; baseline 0 -19"><span class='ocrx_word' id='word_1_221' title='bbox 29 2743 149 2810; x_wconf 76' lang='lat' dir='ltr'><strong>undere</strong></span> <span class='ocrx_word' id='word_1_222' title='bbox 175 2760 293 2825; x_wconf 88' lang='lat' dir='ltr'><strong>nequeo</strong></span> <span class='ocrx_word' id='word_1_223' title='bbox 315 2740 426 2825; x_wconf 88' lang='lat' dir='ltr'><strong>quique</strong></span> <span class='ocrx_word' id='word_1_224' title='bbox 449 2742 535 2823; x_wconf 90' lang='lat' dir='ltr'><strong>peste</strong></span> <span class='ocrx_word' id='word_1_225' title='bbox 556 2741 684 2807; x_wconf 88' lang='lat' dir='ltr'><strong>affectus</strong></span> <span class='ocrx_word' id='word_1_226' title='bbox 706 2741 805 2806; x_wconf 89' lang='lat' dir='ltr'><strong>vitam</strong></span> <span class='ocrx_word' id='word_1_227' title='bbox 826 2760 926 2806; x_wconf 88' lang='lat' dir='ltr'><strong>meam</strong></span> <span class='ocrx_word' id='word_1_228' title='bbox 950 2742 1085 2806; x_wconf 86' lang='lat' dir='ltr'><strong>invadit:</strong></span> <span class='ocrx_word' id='word_1_229' title='bbox 1113 2742 1146 2806; x_wconf 91' lang='lat' dir='ltr'><strong>at</strong></span> <span class='ocrx_word' id='word_1_230' title='bbox 1167 2741 1262 2806; x_wconf 85' lang='lat' dir='ltr'><strong>talem</strong></span> 
     </span>
     <span class='ocr_line' id='line_1_24' title="bbox 31 2844 1264 2929; baseline 0 -19"><span class='ocrx_word' id='word_1_231' title='bbox 31 2845 179 2912; x_wconf 87' lang='lat' dir='ltr'><strong>inminem</strong></span> <span class='ocrx_word' id='word_1_232' title='bbox 202 2845 339 2910; x_wconf 81' lang='lat' dir='ltr'><strong>occidere</strong></span> <span class='ocrx_word' id='word_1_233' title='bbox 361 2845 533 2910; x_wconf 86' lang='lat' dir='ltr'><strong>certissime</strong></span> <span class='ocrx_word' id='word_1_234' title='bbox 556 2862 671 2929; x_wconf 90' lang='lat' dir='ltr'><strong>nequeo</strong></span> <span class='ocrx_word' id='word_1_235' title='bbox 695 2846 727 2910; x_wconf 88' lang='lat' dir='ltr'><strong>et</strong></span> <span class='ocrx_word' id='word_1_236' title='bbox 749 2844 820 2910; x_wconf 89' lang='lat' dir='ltr'><strong>dein</strong></span> <span class='ocrx_word' id='word_1_237' title='bbox 841 2845 995 2911; x_wconf 86' lang='lat' dir='ltr'><strong>abiicere:</strong></span> <span class='ocrx_word' id='word_1_238' title='bbox 1026 2864 1180 2912; x_wconf 89' lang='lat' dir='ltr'><strong>summum</strong></span> <span class='ocrx_word' id='word_1_239' title='bbox 1210 2864 1264 2928; x_wconf 92' lang='lat' dir='ltr'><strong>po·</strong></span> 
     </span>
     <span class='ocr_line' id='line_1_25' title="bbox 32 2947 1263 3033; baseline 0.002 -23"><span class='ocrx_word' id='word_1_240' title='bbox 32 2960 82 3016; x_wconf 82' lang='lat' dir='ltr'><strong>tam</strong></span> <span class='ocrx_word' id='word_1_241' title='bbox 103 2951 230 3033; x_wconf 86' lang='lat' dir='ltr'><strong>ipsum,</strong></span> <span class='ocrx_word' id='word_1_242' title='bbox 255 2948 349 3014; x_wconf 87' lang='lat' dir='ltr'><strong>etiam</strong></span> <span class='ocrx_word' id='word_1_243' title='bbox 373 2947 552 3031; x_wconf 84' lang='lat' dir='ltr'><strong>praevidens</strong></span> <span class='ocrx_word' id='word_1_244' title='bbox 575 2966 646 3013; x_wconf 91' lang='lat' dir='ltr'><strong>eum</strong></span> <span class='ocrx_word' id='word_1_245' title='bbox 669 2949 854 3014; x_wconf 88' lang='lat' dir='ltr'><strong>moriturum</strong></span> <span class='ocrx_word' id='word_1_246' title='bbox 878 2965 958 3026; x_wconf 88' lang='lat' dir='ltr'><strong>esse,</strong></span> <span class='ocrx_word' id='word_1_247' title='bbox 990 2949 1079 3013; x_wconf 90' lang='lat' dir='ltr'><strong>domo</strong></span> <span class='ocrx_word' id='word_1_248' title='bbox 1103 2947 1263 3030; x_wconf 81' lang='lat' dir='ltr'><strong>expellere,</strong></span> 
     </span>
     <span class='ocr_line' id='line_1_26' title="bbox 35 3051 1264 3138; baseline 0 -22"><span class='ocrx_word' id='word_1_249' title='bbox 35 3053 219 3136; x_wconf 84' lang='lat' dir='ltr'><strong>ripossibile</strong></span> <span class='ocrx_word' id='word_1_250' title='bbox 240 3055 304 3130; x_wconf 87' lang='lat' dir='ltr'><strong>est,</strong></span> <span class='ocrx_word' id='word_1_251' title='bbox 333 3052 387 3117; x_wconf 90' lang='lat' dir='ltr'><strong>sed</strong></span> <span class='ocrx_word' id='word_1_252' title='bbox 410 3052 503 3118; x_wconf 86' lang='lat' dir='ltr'><strong>letale</strong></span> <span class='ocrx_word' id='word_1_253' title='bbox 528 3053 638 3118; x_wconf 84' lang='lat' dir='ltr'><strong>vulnus</strong></span> <span class='ocrx_word' id='word_1_254' title='bbox 660 3051 689 3117; x_wconf 88' lang='lat' dir='ltr'><strong>oi</strong></span> <span class='ocrx_word' id='word_1_255' title='bbox 708 3052 864 3138; x_wconf 86' lang='lat' dir='ltr'><strong>infligere,</strong></span> <span class='ocrx_word' id='word_1_256' title='bbox 895 3054 1060 3136; x_wconf 85' lang='lat' dir='ltr'><strong>antequam</strong></span> <span class='ocrx_word' id='word_1_257' title='bbox 1084 3051 1264 3135; x_wconf 78' lang='lat' dir='ltr'><strong>expellatur,</strong></span> 
     </span>
     <span class='ocr_line' id='line_1_27' title="bbox 36 3156 402 3239; baseline -0.016 -16"><span class='ocrx_word' id='word_1_258' title='bbox 36 3177 80 3222; x_wconf 88' lang='lat' dir='ltr'><strong>mn</strong></span> <span class='ocrx_word' id='word_1_259' title='bbox 100 3156 214 3222; x_wconf 86' lang='lat' dir='ltr'><strong>iicebit</strong></span> <span class='ocrx_word' id='word_1_260' title='bbox 237 3175 402 3239; x_wconf 75' lang='lat' dir='ltr'><strong>unquam«</strong></span> 
     </span>
    </p>
   </div>
   <div class='ocr_carea' id='block_1_3' title="bbox 47 3329 1251 3414">
    <p class='ocr_par' dir='ltr' id='par_1_3' title="bbox 47 3329 1251 3414">
     <span class='ocr_line' id='line_1_28' title="bbox 47 3329 1251 3414; baseline -0.002 -20"><span class='ocrx_word' id='word_1_261' title='bbox 47 3331 138 3414; x_wconf 69' lang='lat' dir='ltr'><strong>saque</strong></span> <span class='ocrx_word' id='word_1_262' title='bbox 158 3351 221 3412; x_wconf 81' lang='lat' dir='ltr'><strong>per</strong></span> <span class='ocrx_word' id='word_1_263' title='bbox 243 3329 425 3413; x_wconf 78' lang='lat' dir='ltr'><strong>amlogiam</strong></span> <span class='ocrx_word' id='word_1_264' title='bbox 447 3330 637 3412; x_wconf 64' lang='lat' dir='ltr'><strong>testificatur</strong></span> <span class='ocrx_word' id='word_1_265' title='bbox 658 3331 787 3396; x_wconf 82' lang='lat' dir='ltr'><strong>abortus</strong></span> <span class='ocrx_word' id='word_1_266' title='bbox 810 3331 947 3397; x_wconf 80' lang='lat' dir='ltr'><strong>directus</strong></span> <span class='ocrx_word' id='word_1_267' title='bbox 969 3330 1016 3396; x_wconf 85' lang='lat' dir='ltr'><strong>vel</strong></span> <span class='ocrx_word' id='word_1_268' title='bbox 1037 3329 1251 3395; x_wconf 72' lang='lat' dir='ltr'><strong>municionem.</strong></span> 
     </span>
    </p>
   </div>
   <div class='ocr_carea' id='block_1_4' title="bbox 43 3464 1264 4068">
    <p class='ocr_par' dir='ltr' id='par_1_4' title="bbox 43 3464 1264 4068">
     <span class='ocr_line' id='line_1_29' title="bbox 122 3464 1264 3550; baseline -0.004 -16"><span class='ocrx_word' id='word_1_269' title='bbox 122 3466 314 3535; x_wconf 78' lang='lat' dir='ltr'><strong>confirmare</strong></span> <span class='ocrx_word' id='word_1_270' title='bbox 336 3467 463 3532; x_wconf 89' lang='lat' dir='ltr'><strong>student</strong></span> <span class='ocrx_word' id='word_1_271' title='bbox 482 3466 612 3550; x_wconf 85' lang='lat' dir='ltr'><strong>denique</strong></span> <span class='ocrx_word' id='word_1_272' title='bbox 627 3466 796 3532; x_wconf 90' lang='lat' dir='ltr'><strong>liceitatem</strong></span> <span class='ocrx_word' id='word_1_273' title='bbox 815 3469 941 3532; x_wconf 87' lang='lat' dir='ltr'><strong>abortus</strong></span> <span class='ocrx_word' id='word_1_274' title='bbox 956 3467 1066 3531; x_wconf 87' lang='lat' dir='ltr'><strong>directi</strong></span> <span class='ocrx_word' id='word_1_275' title='bbox 1082 3466 1129 3531; x_wconf 82' lang='lat' dir='ltr'><strong>vel</strong></span> <span class='ocrx_word' id='word_1_276' title='bbox 1146 3464 1264 3530; x_wconf 89' lang='lat' dir='ltr'><strong>cranio·</strong></span> 
     </span>
     <span class='ocr_line' id='line_1_30' title="bbox 43 3568 1262 3654; baseline -0.002 -20"><span class='ocrx_word' id='word_1_277' title='bbox 43 3573 135 3637; x_wconf 82' lang='lat' dir='ltr'><strong>umiae</strong></span> <span class='ocrx_word' id='word_1_278' title='bbox 159 3589 216 3654; x_wconf 88' lang='lat' dir='ltr'><strong>per</strong></span> <span class='ocrx_word' id='word_1_279' title='bbox 238 3569 413 3652; x_wconf 89' lang='lat' dir='ltr'><strong>analogiam</strong></span> <span class='ocrx_word' id='word_1_280' title='bbox 442 3569 578 3636; x_wconf 87' lang='lat' dir='ltr'><strong>dicentes</strong></span> <span class='ocrx_word' id='word_1_281' title='bbox 602 3589 729 3652; x_wconf 80' lang='lat' dir='ltr'><strong>nempe:</strong></span> <span class='ocrx_word' id='word_1_282' title='bbox 761 3569 801 3633; x_wconf 77' lang='lat' dir='ltr'><strong>Et</strong></span> <span class='ocrx_word' id='word_1_283' title='bbox 829 3570 865 3634; x_wconf 87' lang='lat' dir='ltr'><strong>D.</strong></span> <span class='ocrx_word' id='word_1_284' title='bbox 889 3570 925 3633; x_wconf 88' lang='lat' dir='ltr'><strong>D.</strong></span> <span class='ocrx_word' id='word_1_285' title='bbox 954 3569 1139 3652; x_wconf 88' lang='lat' dir='ltr'><strong>permittunt</strong></span> <span class='ocrx_word' id='word_1_286' title='bbox 1168 3568 1262 3632; x_wconf 88' lang='lat' dir='ltr'><strong>inter·</strong></span> 
     </span>
     <span class='ocr_line' id='line_1_31' title="bbox 44 3672 1262 3757; baseline 0 -19"><span class='ocrx_word' id='word_1_287' title='bbox 44 3673 113 3740; x_wconf 63' lang='lat' dir='ltr'><strong>‘uere</strong></span> <span class='ocrx_word' id='word_1_288' title='bbox 145 3675 342 3740; x_wconf 89' lang='lat' dir='ltr'><strong>innocentem</strong></span> <span class='ocrx_word' id='word_1_289' title='bbox 378 3691 615 3757; x_wconf 82' lang='lat' dir='ltr'><strong>nonuunquam,</strong></span> <span class='ocrx_word' id='word_1_290' title='bbox 650 3674 676 3736; x_wconf 88' lang='lat' dir='ltr'><strong>si</strong></span> <span class='ocrx_word' id='word_1_291' title='bbox 707 3672 800 3737; x_wconf 86' lang='lat' dir='ltr'><strong>aliter</strong></span> <span class='ocrx_word' id='word_1_292' title='bbox 835 3672 899 3736; x_wconf 85' lang='lat' dir='ltr'><strong>vita</strong></span> <span class='ocrx_word' id='word_1_293' title='bbox 931 3673 1047 3737; x_wconf 87' lang='lat' dir='ltr'><strong>servari</strong></span> <span class='ocrx_word' id='word_1_294' title='bbox 1072 3691 1130 3737; x_wconf 90' lang='lat' dir='ltr'><strong>non</strong></span> <span class='ocrx_word' id='word_1_295' title='bbox 1153 3672 1262 3753; x_wconf 88' lang='lat' dir='ltr'><strong>potest.</strong></span> 
     </span>
     <span class='ocr_line' id='line_1_32' title="bbox 47 3773 1261 3860; baseline -0.002 -22"><span class='ocrx_word' id='word_1_296' title='bbox 47 3773 79 3841; x_wconf 83' lang='lat' dir='ltr'><strong>ita</strong></span> <span class='ocrx_word' id='word_1_297' title='bbox 101 3777 347 3859; x_wconf 62' lang='lat' dir='ltr'><strong>namuurum:</strong></span> <span class='ocrx_word' id='word_1_298' title='bbox 373 3777 555 3860; x_wconf 78' lang='lat' dir='ltr'><strong>»Inquiresz</strong></span> <span class='ocrx_word' id='word_1_299' title='bbox 579 3795 616 3842; x_wconf 86' lang='lat' dir='ltr'><strong>an</strong></span> <span class='ocrx_word' id='word_1_300' title='bbox 639 3776 733 3841; x_wconf 86' lang='lat' dir='ltr'><strong>liccat</strong></span> <span class='ocrx_word' id='word_1_301' title='bbox 752 3775 916 3859; x_wconf 87' lang='lat' dir='ltr'><strong>aliquando</strong></span> <span class='ocrx_word' id='word_1_302' title='bbox 938 3774 976 3839; x_wconf 90' lang='lat' dir='ltr'><strong>ob</strong></span> <span class='ocrx_word' id='word_1_303' title='bbox 1001 3778 1086 3838; x_wconf 89' lang='lat' dir='ltr'><strong>tuam</strong></span> <span class='ocrx_word' id='word_1_304' title='bbox 1111 3774 1261 3840; x_wconf 89' lang='lat' dir='ltr'><strong>defensio-</strong></span> 
     </span>
     <span class='ocr_line' id='line_1_33' title="bbox 49 3876 1263 3964; baseline -0.001 -24"><span class='ocrx_word' id='word_1_305' title='bbox 49 3897 96 3945; x_wconf 83' lang='lat' dir='ltr'><strong>rem</strong></span> <span class='ocrx_word' id='word_1_306' title='bbox 114 3879 291 3946; x_wconf 85' lang='lat' dir='ltr'><strong>interficere</strong></span> <span class='ocrx_word' id='word_1_307' title='bbox 312 3880 504 3946; x_wconf 84' lang='lat' dir='ltr'><strong>innocentem</strong></span> <span class='ocrx_word' id='word_1_308' title='bbox 528 3881 559 3945; x_wconf 87' lang='lat' dir='ltr'><strong>et</strong></span> <span class='ocrx_word' id='word_1_309' title='bbox 583 3899 640 3944; x_wconf 92' lang='lat' dir='ltr'><strong>non</strong></span> <span class='ocrx_word' id='word_1_310' title='bbox 661 3878 922 3964; x_wconf 77' lang='lat' dir='ltr'><strong>aggredientem?</strong></span> <span class='ocrx_word' id='word_1_311' title='bbox 953 3876 1038 3942; x_wconf 88' lang='lat' dir='ltr'><strong>Solet</strong></span> <span class='ocrx_word' id='word_1_312' title='bbox 1060 3877 1147 3940; x_wconf 83' lang='lat' dir='ltr'><strong>afferi</strong></span> <span class='ocrx_word' id='word_1_313' title='bbox 1163 3895 1263 3941; x_wconf 85' lang='lat' dir='ltr'><strong>erom-</strong></span> 
     </span>
     <span class='ocr_line' id='line_1_34' title="bbox 52 3979 1263 4068; baseline -0.002 -24"><span class='ocrx_word' id='word_1_314' title='bbox 52 3983 110 4062; x_wconf 84' lang='lat' dir='ltr'><strong>pinm</strong></span> <span class='ocrx_word' id='word_1_315' title='bbox 128 3984 253 4067; x_wconf 83' lang='lat' dir='ltr'><strong>duplex.</strong></span> <span class='ocrx_word' id='word_1_316' title='bbox 276 3983 437 4053; x_wconf 77' lang='lat' dir='ltr'><strong>Primumr</strong></span> <span class='ocrx_word' id='word_1_317' title='bbox 460 3983 492 4050; x_wconf 82' lang='lat' dir='ltr'><strong>si</strong></span> <span class='ocrx_word' id='word_1_318' title='bbox 513 3983 581 4066; x_wconf 89' lang='lat' dir='ltr'><strong>quis</strong></span> <span class='ocrx_word' id='word_1_319' title='bbox 604 4003 632 4049; x_wconf 88' lang='lat' dir='ltr'><strong>v.</strong></span> <span class='ocrx_word' id='word_1_320' title='bbox 649 4003 679 4068; x_wconf 89' lang='lat' dir='ltr'><strong>g.</strong></span> <span class='ocrx_word' id='word_1_321' title='bbox 704 3983 735 4048; x_wconf 89' lang='lat' dir='ltr'><strong>ts</strong></span> <span class='ocrx_word' id='word_1_322' title='bbox 757 3981 958 4067; x_wconf 84' lang='lat' dir='ltr'><strong>aggrediatur</strong></span> <span class='ocrx_word' id='word_1_323' title='bbox 974 3980 1160 4062; x_wconf 88' lang='lat' dir='ltr'><strong>obiiciatque</strong></span> <span class='ocrx_word' id='word_1_324' title='bbox 1175 3979 1263 4062; x_wconf 87' lang='lat' dir='ltr'><strong>qnasi</strong></span> 
     </span>
    </p>
   </div>
   <div class='ocr_carea' id='block_1_5' title="bbox 57 4079 1263 4476">
    <p class='ocr_par' dir='ltr' id='par_1_5' title="bbox 57 4079 1263 4476">
     <span class='ocr_line' id='line_1_35' title="bbox 103 4079 1263 4170; baseline -0.008 -18"><span class='ocrx_word' id='word_1_325' title='bbox 103 4090 188 4154; x_wconf 86' lang='lat' dir='ltr'><strong>scuto</strong></span> <span class='ocrx_word' id='word_1_326' title='bbox 212 4085 366 4152; x_wconf 87' lang='lat' dir='ltr'><strong>hominem</strong></span> <span class='ocrx_word' id='word_1_327' title='bbox 388 4087 595 4164; x_wconf 86' lang='lat' dir='ltr'><strong>innocentem,</strong></span> <span class='ocrx_word' id='word_1_328' title='bbox 618 4087 655 4150; x_wconf 89' lang='lat' dir='ltr'><strong>ut</strong></span> <span class='ocrx_word' id='word_1_329' title='bbox 677 4086 717 4150; x_wconf 90' lang='lat' dir='ltr'><strong>ab</strong></span> <span class='ocrx_word' id='word_1_330' title='bbox 740 4103 919 4170; x_wconf 80' lang='lat' dir='ltr'><strong>aggressura</strong></span> <span class='ocrx_word' id='word_1_331' title='bbox 943 4086 974 4148; x_wconf 87' lang='lat' dir='ltr'><strong>te</strong></span> <span class='ocrx_word' id='word_1_332' title='bbox 997 4082 1168 4149; x_wconf 80' lang='lat' dir='ltr'><strong>defendas?</strong></span> <span class='ocrx_word' id='word_1_333' title='bbox 1209 4079 1263 4144; x_wconf 89' lang='lat' dir='ltr'><strong>Se·</strong></span> 
     </span>
     <span class='ocr_line' id='line_1_36' title="bbox 57 4185 1262 4274; baseline -0.004 -22"><span class='ocrx_word' id='word_1_334' title='bbox 57 4192 177 4256; x_wconf 85' lang='lat' dir='ltr'><strong>undum:</strong></span> <span class='ocrx_word' id='word_1_335' title='bbox 201 4188 293 4255; x_wconf 86' lang='lat' dir='ltr'><strong>Situ</strong></span> <span class='ocrx_word' id='word_1_336' title='bbox 317 4209 344 4255; x_wconf 86' lang='lat' dir='ltr'><strong>v.</strong></span> <span class='ocrx_word' id='word_1_337' title='bbox 368 4210 397 4273; x_wconf 90' lang='lat' dir='ltr'><strong>g.</strong></span> <span class='ocrx_word' id='word_1_338' title='bbox 421 4208 499 4274; x_wconf 88' lang='lat' dir='ltr'><strong>equo</strong></span> <span class='ocrx_word' id='word_1_339' title='bbox 523 4189 660 4256; x_wconf 88' lang='lat' dir='ltr'><strong>assidens</strong></span> <span class='ocrx_word' id='word_1_340' title='bbox 685 4188 788 4273; x_wconf 85' lang='lat' dir='ltr'><strong>iugins</strong></span> <span class='ocrx_word' id='word_1_341' title='bbox 815 4187 974 4255; x_wconf 85' lang='lat' dir='ltr'><strong>inimicum</strong></span> <span class='ocrx_word' id='word_1_342' title='bbox 998 4189 1029 4251; x_wconf 88' lang='lat' dir='ltr'><strong>te</strong></span> <span class='ocrx_word' id='word_1_343' title='bbox 1053 4185 1189 4252; x_wconf 89' lang='lat' dir='ltr'><strong>occidere</strong></span> <span class='ocrx_word' id='word_1_344' title='bbox 1211 4203 1262 4247; x_wconf 85' lang='lat' dir='ltr'><strong>vo·</strong></span> 
     </span>
     <span class='ocr_line' id='line_1_37' title="bbox 59 4289 1262 4378; baseline -0.007 -20"><span class='ocrx_word' id='word_1_345' title='bbox 59 4289 156 4362; x_wconf 79' lang='lat' dir='ltr'><strong>intem:</strong></span> <span class='ocrx_word' id='word_1_346' title='bbox 188 4293 316 4378; x_wconf 82' lang='lat' dir='ltr'><strong>potesne</strong></span> <span class='ocrx_word' id='word_1_347' title='bbox 338 4294 519 4360; x_wconf 86' lang='lat' dir='ltr'><strong>conculcare</strong></span> <span class='ocrx_word' id='word_1_348' title='bbox 541 4312 670 4376; x_wconf 90' lang='lat' dir='ltr'><strong>puerum</strong></span> <span class='ocrx_word' id='word_1_349' title='bbox 692 4292 742 4358; x_wconf 83' lang='lat' dir='ltr'><strong>vel</strong></span> <span class='ocrx_word' id='word_1_350' title='bbox 765 4292 909 4357; x_wconf 87' lang='lat' dir='ltr'><strong>claudum</strong></span> <span class='ocrx_word' id='word_1_351' title='bbox 934 4291 965 4356; x_wconf 90' lang='lat' dir='ltr'><strong>in</strong></span> <span class='ocrx_word' id='word_1_352' title='bbox 989 4291 1039 4356; x_wconf 86' lang='lat' dir='ltr'><strong>via</strong></span> <span class='ocrx_word' id='word_1_353' title='bbox 1061 4289 1138 4354; x_wconf 83' lang='lat' dir='ltr'><strong>forto</strong></span> <span class='ocrx_word' id='word_1_354' title='bbox 1161 4289 1262 4354; x_wconf 86' lang='lat' dir='ltr'><strong>iacen-</strong></span> 
     </span>
     <span class='ocr_line' id='line_1_38' title="bbox 61 4394 814 4476; baseline 0.003 -18"><span class='ocrx_word' id='word_1_355' title='bbox 61 4394 105 4476; x_wconf 75' lang='lat' dir='ltr'><strong>ten,</strong></span> <span class='ocrx_word' id='word_1_356' title='bbox 123 4401 147 4464; x_wconf 89' lang='lat' dir='ltr'><strong>si</strong></span> <span class='ocrx_word' id='word_1_357' title='bbox 170 4397 263 4463; x_wconf 87' lang='lat' dir='ltr'><strong>aliter</strong></span> <span class='ocrx_word' id='word_1_358' title='bbox 286 4397 368 4462; x_wconf 87' lang='lat' dir='ltr'><strong>vitae</strong></span> <span class='ocrx_word' id='word_1_359' title='bbox 391 4401 463 4462; x_wconf 87' lang='lat' dir='ltr'><strong>tuas</strong></span> <span class='ocrx_word' id='word_1_360' title='bbox 484 4397 600 4464; x_wconf 84' lang='lat' dir='ltr'><strong>servire</strong></span> <span class='ocrx_word' id='word_1_361' title='bbox 623 4415 682 4461; x_wconf 92' lang='lat' dir='ltr'><strong>non</strong></span> <span class='ocrx_word' id='word_1_362' title='bbox 707 4396 814 4460; x_wconf 82' lang='lat' dir='ltr'><strong>vales?</strong></span> 
     </span>
    </p>
   </div>
   <div class='ocr_carea' id='block_1_6' title="bbox 129 4549 799 4711">
    <p class='ocr_par' dir='ltr' id='par_1_6' title="bbox 129 4549 799 4711">
     <span class='ocr_line' id='line_1_39' title="bbox 129 4549 799 4624; baseline -0.007 -14"><span class='ocrx_word' id='word_1_363' title='bbox 129 4558 153 4624; x_wconf 73' lang='lat'><strong>1)</strong></span> <span class='ocrx_word' id='word_1_364' title='bbox 172 4553 204 4610; x_wconf 86' lang='lat' dir='ltr'><strong>da</strong></span> <span class='ocrx_word' id='word_1_365' title='bbox 222 4551 353 4608; x_wconf 79' lang='lat' dir='ltr'><strong>occisione</strong></span> <span class='ocrx_word' id='word_1_366' title='bbox 370 4551 459 4607; x_wconf 80' lang='lat' dir='ltr'><strong>foetus</strong></span> <span class='ocrx_word' id='word_1_367' title='bbox 477 4555 528 4606; x_wconf 87' lang='lat' dir='ltr'><strong>etc.</strong></span> <span class='ocrx_word' id='word_1_368' title='bbox 548 4569 610 4621; x_wconf 86' lang='lat' dir='ltr'><strong>pag.</strong></span> <span class='ocrx_word' id='word_1_369' title='bbox 630 4551 673 4606; x_wconf 80' lang='lat'><strong>24.</strong></span> <span class='ocrx_word' id='word_1_370' title='bbox 794 4549 799 4560; x_wconf 84' lang='lat'><em>&#39;</em></span> 
     </span>
     <span class='ocr_line' id='line_1_40' title="bbox 132 4637 494 4711; baseline -0.003 -16"><span class='ocrx_word' id='word_1_371' title='bbox 132 4637 494 4711; x_wconf 47' lang='lat' dir='ltr'><strong>mtumdmssst&amp;</strong></span> 
     </span>
    </p>
   </div>
   <div class='ocr_carea' id='block_1_7' title="bbox 133 4723 704 4796">
    <p class='ocr_par' dir='ltr' id='par_1_7' title="bbox 133 4723 704 4796">
     <span class='ocr_line' id='line_1_41' title="bbox 133 4723 704 4796; baseline -0.004 -14"><span class='ocrx_word' id='word_1_372' title='bbox 133 4728 156 4796; x_wconf 81' lang='grc'><strong>3)</strong></span> <span class='ocrx_word' id='word_1_373' title='bbox 173 4725 192 4782; x_wconf 87' lang='lat' dir='ltr'><strong>l.</strong></span> <span class='ocrx_word' id='word_1_374' title='bbox 209 4742 232 4781; x_wconf 84' lang='lat' dir='ltr'><strong>c.</strong></span> <span class='ocrx_word' id='word_1_375' title='bbox 251 4723 271 4779; x_wconf 88' lang='grc'><strong>1.</strong></span> <span class='ocrx_word' id='word_1_376' title='bbox 292 4723 337 4779; x_wconf 87' lang='lat' dir='ltr'><strong>Vl.</strong></span> <span class='ocrx_word' id='word_1_377' title='bbox 354 4741 410 4795; x_wconf 86' lang='lat' dir='ltr'><strong>cap.</strong></span> <span class='ocrx_word' id='word_1_378' title='bbox 427 4725 450 4782; x_wconf 91' lang='lat'><strong>1.</strong></span> <span class='ocrx_word' id='word_1_379' title='bbox 469 4725 494 4794; x_wconf 63' lang='lat' dir='ltr'><strong>d.</strong></span> <span class='ocrx_word' id='word_1_380' title='bbox 515 4725 537 4780; x_wconf 91' lang='lat'><strong>1.</strong></span> <span class='ocrx_word' id='word_1_381' title='bbox 558 4741 583 4782; x_wconf 90' lang='lat' dir='ltr'><strong>u.</strong></span> <span class='ocrx_word' id='word_1_382' title='bbox 604 4725 644 4780; x_wconf 83' lang='lat'><strong>12.</strong></span> <span class='ocrx_word' id='word_1_383' title='bbox 664 4725 704 4782; x_wconf 82' lang='lat'><strong>13.</strong></span> 
     </span>
    </p>
   </div>
   <div class='ocr_carea' id='block_1_8' title="bbox 0 0 1590 5204">
    <p class='ocr_par' dir='ltr' id='par_1_8' title="bbox 0 0 1590 5204">
     <span class='ocr_line' id='line_1_42' title="bbox 0 0 1590 5204; baseline 0 0"><span class='ocrx_word' id='word_1_384' title='bbox 0 0 1590 5204; x_wconf 95' lang='lat' dir='ltr'><strong> </strong></span> 
     </span>
    </p>
   </div>
  </div>
 </body>
</html>
