3142 5204
280 333 322 398 20
464 353 674 417 Hefdcarelclr,
697 353 776 408 Dies.
793 355 829 407 e'm
847 368 908 408 eae.
926 354 982 408 ult.
1000 357 1097 408 conat.
1118 353 1223 422 Aperi.
1244 351 1339 408 Sedis.

278 525 512 594 informentur«
546 524 626 590 Item
644 523 884 609 caepionem)
908 524 1086 603 affirmauit,
1110 543 1167 590 sua
1184 524 1288 590 aetate
1308 524 1423 611 (1745)
1447 525 1554 589 hane

279 630 465 696 sententiam
488 631 549 696 fere
573 629 778 695 universalem
801 629 884 698 inter
908 629 1040 695 medicos
1061 630 1175 695 factam
1200 649 1266 694 esse
1290 632 1322 694 et
1344 630 1405 695 iam
1431 631 1556 694 antea

280 732 457 818 Galenus’)
480 734 541 800 ait:
574 752 685 798 »unam
715 734 855 817 oportere
882 752 948 798 csse
972 733 1108 799 animam
1133 733 1234 817 magis
1257 731 1413 817 intelligo,
1448 753 1556 818 quae

279 841 311 903 et
335 857 388 903 nos
412 837 524 904 formet
546 840 577 903 et
603 856 682 921 quae
712 837 843 921 siugulis
874 837 1014 921 partibus
1049 857 1129 903 nunc
1163 839 1289 902 utatur«
1325 839 1356 902 et
1389 838 1556 904 Miclrael

280 942 400 1007 Alberti
424 942 560 1008 medicus
581 941 785 1006 Germanicus
805 962 831 1007 a.
858 942 940 1007 1725
965 942 1095 1008 asserit:
1128 941 1300 1025 »liquidem
1331 941 1363 1006 id
1391 941 1555 1008 firmiter

280 1065 382 1112 assero
412 1046 492 1129 quod
521 1065 540 1111 a
572 1045 679 1128 primis
710 1047 918 1130 conceptionis
947 1046 1046 1111 initiis
1076 1046 1179 1112 anima
1202 1045 1363 1112 rationalis
1385 1047 1418 1111 in
1443 1049 1554 1114 foetu

280 1151 432 1230 adsli⁸).‹

383 1253 571 1338 Supersedco
599 1273 634 1319 ex
662 1255 825 1320 recentiori
850 1258 986 1337 tempore
1010 1256 1247 1338 argumentare,
1277 1255 1421 1338 quoniam
1448 1259 1553 1324 satis

279 1377 429 1442 superque
452 1359 590 1438 constat,
621 1377 788 1441 perpaucos
811 1360 956 1442 patronos
979 1359 1160 1442 antiquatae
1179 1359 1218 1423 de
1240 1358 1431 1424 animatione
1446 1379 1551 1426 sen-

278 1464 395 1528 tentiae
417 1463 548 1528 inveniri
573 1462 699 1546 ideoque
723 1463 856 1528 medicos
877 1464 972 1530 ctiam
994 1464 1157 1529 timoratos
1179 1463 1303 1528 omnino
1328 1464 1407 1528 hauc
1430 1483 1552 1546 quae-

280 1567 410 1632 stionem
436 1566 557 1631 linitam
578 1567 736 1646 loterel).

464 1740 552 1808 Haec
575 1741 717 1808 doctrina
740 1746 785 1806 est
806 1759 982 1807 consonans
1004 1742 1108 1808 sacris
1130 1741 1329 1824 scripufuris.

384 1880 462 1946 Cum
484 1879 684 1964 aggredimur
704 1879 875 1945 doctrinam
894 1879 1029 1944 animam
1045 1879 1167 1944 infundi
1183 1879 1298 1963 inipso
1314 1881 1550 1964 conceptionis

280 1987 434 2049 momento
459 2003 516 2049 nou
538 2002 710 2068 repugnare
733 1984 829 2049 sacris
852 1983 941 2048 libris
963 1984 1100 2066 probare,
1125 1984 1278 2068 imprimis
1294 1985 1475 2067 praemissa
1498 1989 1551 2052 sit

280 2091 362 2165 nota,
388 2107 491 2153 sacros
517 2089 611 2152 libros
635 2107 689 2171 per
708 2107 741 2152 se
764 2107 822 2153 non
846 2107 922 2166 esse,
947 2089 1041 2153 sicuti
1055 2088 1136 2153 inter
1151 2107 1256 2153 omnes
1272 2089 1403 2168 constat,
1431 2087 1550 2156 libros

279 2192 467 2258 doctrinales
492 2193 529 2258 cle
552 2195 642 2258 rebus
667 2191 860 2257 naturalibus
883 2192 1012 2276 ideoque
1035 2211 1096 2257 non
1118 2211 1257 2275 expresse
1279 2211 1332 2258 eas
1351 2195 1385 2258 et
1406 2193 1570 2284 directe¹

281 2297 404 2376 docere,
440 2295 492 2362 sed
523 2296 622 2380 primo
645 2295 710 2362 loco
734 2296 891 2363 continere
917 2296 1005 2360 illam
1029 2296 1126 2362 solam
1150 2297 1293 2362 omnibus
1317 2299 1549 2366 necessariam

279 2401 444 2466 scientiam
467 2399 516 2466 vel
539 2401 723 2485 sapientiam
747 2401 810 2466 Deo
830 2401 1032 2486 omnipotenti
1053 2401 1174 2484 placere
1191 2402 1224 2466 et
1237 2401 1360 2486 ingredi
1376 2401 1408 2465 iu
1426 2403 1547 2470 vitam

279 2507 436 2570 aeternam
447 2503 483 2590 ⁶),
507 2506 566 2570 etsi
589 2523 646 2570 nou
672 2508 812 2588 negetur,
834 2505 865 2568 in
885 2505 948 2570 illis
964 2503 1064 2570 multa
1083 2505 1184 2588 quoad
1202 2505 1355 2570 naturalia
1370 2505 1546 2590 implicite

281 2610 410 2686 inclusa,
434 2611 466 2673 et
488 2609 601 2674 saltem
625 2627 746 2674 sacram
761 2608 946 2692 scripturam
962 2627 1027 2674 esse
1042 2608 1160 2688 ducem,
1184 2609 1365 2675 directivam
1382 2629 1547 2678 normam

279 2712 421 2778 omuibus
448 2713 591 2778 humanis
615 2712 763 2778 doctrinis
773 2714 809 2796 6).

382 2815 470 2897 Quod
498 2816 534 2881 ad
559 2818 696 2882 nostram
719 2817 832 2880 thesim
856 2816 1007 2899 pertinet,
1030 2816 1078 2882 illi
1102 2817 1177 2894 loci,
1208 2817 1261 2900 qui
1291 2817 1440 2882 contrarii
1475 2821 1546 2888 ha·

279 2923 399 3000 beatur,
424 2921 570 3006 perfacile
595 2920 721 2987 dissolvi
743 2924 880 3004 possunt,
904 2920 1039 3005 aliosque
1060 2921 1205 3006 reperias,
1230 2922 1391 3005 exquibus
1408 2925 1546 2992 saltem

277 3027 463 3092 indirectum
488 3031 708 3111 argumentum
731 3025 885 3091 desumus.

382 3130 534 3198 Obiicitur
558 3129 700 3195 formatio
724 3129 814 3214 primi
838 3129 963 3208 homini,
988 3128 1097 3193 deinde
1123 3129 1213 3196 llnod.
1229 3130 1318 3210 XXI,
1339 3131 1380 3195 22
1404 3133 1439 3196 et
1465 3135 1546 3214 23;

277 3237 315 3304 cf.
340 3236 401 3301 Job
426 3235 475 3314 10,
502 3235 638 3300 10-12,
683 3232 743 3299 Sed
770 3234 835 3299 sine
858 3234 1004 3299 efficacia.

382 3341 534 3416 suerunt,
565 3338 618 3423 qui
649 3358 684 3404 ex
711 3338 914 3422 descriptione
938 3338 1023 3404 Adae
1045 3339 1137 3422 primi
1160 3338 1294 3404 hominis
1317 3339 1496 3406 creationis
1515 3347 1548 3432 ἵ)

277 3444 511 3521 concluderent,
536 3444 617 3509 inter
640 3443 856 3508 formationem
880 3442 1012 3526 corporis
1034 3445 1065 3508 et
1087 3443 1307 3508 animationem
1331 3443 1397 3509 eius
1422 3448 1546 3528 spira-

278 3547 347 3614 culo
369 3549 451 3614 ritae
473 3548 590 3613 factam
613 3547 737 3631 aliquod
763 3546 910 3630 temporis
933 3547 1177 3631 praeterlapsum
1193 3566 1259 3612 csse
1275 3566 1370 3630 eoque
1390 3551 1546 3634 ostendi,

276 3653 427 3737 quomodo
450 3653 632 3736 posteriores
657 3653 795 3716 homines
819 3652 1000 3718 formentur.

380 3757 454 3822 Jarn
474 3775 498 3822 s.
516 3755 682 3839 Gregorius
705 3756 863 3839 Nysaeuus
886 3755 1038 3821 eiusmodi
1062 3756 1280 3840 argumentum
1297 3755 1415 3820 refutat
1427 3755 1454 3840 ⁸)
1474 3778 1549 3841 per

383 3931 409 4000 l)
428 3931 461 3986 In
480 3931 562 3987 Sacra
580 3929 771 3999 limbryologia
789 3929 808 3983 l
826 3930 848 3984 I.
865 3945 886 3984 e.
907 3930 932 3984 9.

380 4019 408 4087 2)
426 4017 467 4074 01.
486 4017 604 4074 Galenus
623 4016 656 4072 de
673 4017 794 4071 foetuum
812 4015 972 4070 formatione
991 4013 1100 4071 libellus
1123 4013 1187 4085 Gap.
1208 4015 1255 4071 v1.

380 4107 409 4174 3)
428 4105 559 4175 Systema.
581 4104 675 4174 jurisp.
694 4103 763 4159 med
781 4120 821 4170 cp.
840 4103 885 4158 Vl.

379 4192 407 4258 4)
426 4192 460 4247 cf.
478 4191 525 4246 Dr.
545 4191 758 4261 Capellmanrr,
776 4189 809 4244 de
823 4188 953 4244 occisione
964 4189 1052 4244 foetus
1066 4187 1147 4254 18753
1168 4189 1215 4244 Dr.
1231 4189 1382 4252 Carecina,
1399 4188 1541 4248 discours

277 4280 312 4334 du
333 4280 373 4336 10.
391 4278 443 4334 fer.
462 4279 542 4342 185&
562 4277 609 4332 Dr.
628 4275 786 4340 Frentanis,
807 4274 979 4346 Phyeiologie
995 4274 1129 4344 generale,
1151 4276 1349 4338 squammea,
1370 4273 1390 4328 l.
1409 4291 1430 4329 c.
1451 4279 1516 4334 etc.

382 4366 409 4434 5)
427 4363 460 4420 cf.
484 4367 625 4420 Deciano.
644 4363 669 4428 l,
688 4362 736 4425 re;
758 4363 909 4430 chrysost.
928 4361 1006 4416 Hom.
1024 4359 1317 4430 V11.inGenes.p.4.
1338 4362 1542 4434 Augustini,

276 4453 309 4508 de
327 4456 379 4508 aet.
399 4468 422 4507 c.
441 4450 498 4506 llel.
517 4448 633 4505 Manich.
653 4447 732 4505 1.10.

380 4539 407 4610 6)
425 4537 458 4595 ef.
478 4538 564 4609 Dpiet.
586 4539 635 4592 Pii
650 4536 701 4592 IX.
720 4535 762 4590 ad.
782 4534 905 4604 Archiep.
926 4533 1030 4589 Monac.
1049 4533 1092 4590 21.
1110 4533 1173 4589 Dec.
1196 4533 1271 4590 1863.

379 4629 410 4788 gl)
428 4626 683 4782 ggsssszmffhihpffi
701 4712 720 4766 l.
738 4729 760 4766 c.
779 4729 842 4782 pag.
860 4712 911 4767 230
930 4714 958 4766 et
976 4710 1117 4781 praecipue
1133 4727 1197 4781 pag.
1218 4709 1278 4764 2³¹.
