3142 5204
213 367 353 428 Patroni
372 369 541 442 opitulante,
559 370 739 444 quaedamst
758 371 898 428 animum
913 369 948 428 in
966 375 1108 428 instanti.
1247 351 1286 422 19

12 573 13 622 1
36 544 58 608 11
81 544 190 622 thesi,
218 562 300 627 quae
324 543 556 621 defendebatur,
580 563 641 608 nou
664 544 873 621 detrectabat:
888 553 970 608 'nam
992 545 1118 609 maximi
1140 547 1289 611 momenti

12 651 97 742 ,snut
130 667 294 714 censurae
323 647 506 714 favorabiles
536 647 671 731 quinque
697 648 943 731 theologicarum
979 648 1217 714 universitatum
1241 649 1288 714 fa-

12 787 14 802 ›
37 753 192 818 nullatum
217 753 413 835 aliorumque
436 751 682 816 doctissimorum
709 754 856 830 vivorum,
882 752 1027 834 inquibus
1044 751 1287 837 caramentes,

39 857 140 940 quiet
169 857 297 922 duabus
326 856 463 938 epistolis
490 874 554 920 rem
578 851 695 920 enixius
718 856 874 933 defendit,
900 857 1099 940 Mantineae)
1123 860 1182 925 etc.
1230 862 1289 922 As-

38 962 110 1026 secla
142 961 248 1025 huius
272 959 431 1024 doctrinae
462 960 614 1042 imprimis
642 961 735 1025 fuisse
765 961 886 1025 videtur
917 959 1053 1025 Societas
1083 961 1178 1041 Jesu,
1210 981 1288 1046 quae

39 1066 150 1146 decem,
180 1067 215 1129 et
240 1063 408 1146 collegium
428 1062 719 1139 Salmanticensum,
742 1065 822 1147 quod
847 1065 993 1128 tredecim
1012 1065 1185 1129 nominibus
1201 1086 1289 1150 egre-

12 1172 87 1260 ¹giis
111 1169 252 1235 eminet.
295 1168 395 1233 Juvat
425 1167 522 1232 solnm
552 1177 715 1232 ‘censuram
747 1168 1045 1234 »illustrissimorum
1076 1170 1112 1235 P.
1138 1171 1173 1235 P.
1199 1171 1287 1236 theo·

38 1275 179 1358 logornm
208 1272 430 1338 celeberrimae
460 1273 681 1338 Universitatis
715 1273 897 1337 Parisiensis
928 1272 1164 1351 Sunonensis«
1201 1275 1288 1340 cuius

38 1379 189 1444 iudicium
215 1378 298 1460 ipsos
322 1377 482 1460 pontifices
505 1395 640 1442 summos
666 1377 696 1440 in
728 1377 955 1442 difficilioribus
987 1371 1087 1442 causis
1119 1379 1289 1461 postulasse

38 1486 177 1560 constat,
204 1481 432 1546 transcribere:
460 1481 622 1559 1111111111,
651 1483 700 1546 cni
724 1482 836 1546 titulus
856 1485 920 1548 est:
945 1482 1115 1564 disputatio
1137 1484 1175 1548 de
1199 1484 1288 1548 mini·

39 1587 168 1652 nrando
191 1585 348 1668 baptismo
373 1585 504 1648 foetibus
528 1585 746 1665 abortivorum,
771 1605 831 1650 non
854 1587 920 1650 sine
943 1606 1056 1670 magna
1070 1588 1228 1670 voluptate
1244 1588 1288 1651 lc-

38 1694 151 1776 gimus,
180 1689 230 1755 vir
253 1687 494 1771 religiosissime,
520 1709 575 1752 nec
596 1709 654 1752 non
678 1689 708 1752 in
733 1709 810 1765 earn,
839 1709 931 1773 quam
952 1691 982 1753 in
1007 1691 1127 1756 decima
1150 1711 1287 1774 praeser-

39 1797 85 1860 tim
113 1797 152 1860 et
175 1792 344 1857 undecima
366 1780 553 1858 sectionibus
577 1795 718 1876 proponis
740 1793 933 1878 explicasque
956 1794 1086 1860 thesim:
1112 1795 1289 1861 1111111111-

39 1919 142 1966 nanos
170 1915 357 1982 quocunqne
380 1899 516 1978 tempore
540 1899 679 1962 venerint
702 1898 740 1962 ad
764 1899 864 1964 lucem
889 1918 907 1962 a
929 1899 977 1963 die
1001 1899 1208 1982 conceptionis
1231 1901 1288 1964 sub

39 2005 221 2070 conditione
240 2001 352 2066 saltem
376 2002 575 2084 baptizandos
599 2021 679 2081 esse,
705 2003 872 2087 diligenter
895 2003 1126 2087 inquisivimus,
1146 2005 1234 2069 illam
1257 2005 1288 2069 in

40 2109 172 2191 publicis
196 2105 469 2171 exercitationibus
494 2105 674 2188 dignissimo
698 2125 802 2171 sacrae
824 2106 985 2171 facultatis
1005 2107 1137 2192 Syndico
1154 2128 1189 2173 ac
1204 2111 1287 2174 tarn·

38 2234 124 2294 quam
154 2230 265 2276 veram
287 2210 472 2294 propugnari
496 2211 671 2275 curavimus
685 2211 720 2294 ³).

140 2371 169 2418 c.
207 2351 415 2414 Transeamus
447 2349 486 2415 ad
516 2349 642 2414 tertium
671 2350 755 2414 illius
787 2350 934 2434 temporis
966 2369 1066 2416 acrem
1095 2351 1285 2417 defensorem

40 2459 176 2520 unimam
203 2455 236 2519 in
260 2453 326 2538 ipso
350 2453 448 2536 primo
471 2454 676 2537 conceptionis
694 2457 847 2519 momento
864 2475 882 2519 a
899 2456 962 2519 Deo
981 2457 1077 2520 creari
1095 2457 1286 2540 crearrdoque

12 2577 13 2582 ¹
40 2559 173 2639 infundi,
200 2559 254 2642 qni
280 2557 433 2640 imprimis
457 2557 602 2624 notabilis
619 2559 791 2624 conditione
808 2560 891 2624 vitae
907 2579 998 2642 quam
1015 2561 1151 2637 tenebat,
1174 2561 1212 2625 ad
1233 2581 1285 2626 cc·

41 2665 241 2731 laberrimnm
267 2663 509 2745 protomedicum
533 2663 635 2746 Papae
660 2663 828 2728 innocentii
852 2663 901 2743 X,
931 2665 1093 2743 Zachiam,
1116 2666 1168 2748 qui
1200 2665 1284 2732 1661

39 2771 114 2854 typis
141 2767 308 2832 mandavit
328 2785 402 2849 opus
424 2766 600 2832 Alexandro
626 2767 695 2832 Vll.
719 2769 908 2846 dedicatum,
931 2770 981 2834 cui
1007 2769 1136 2835 titulus:
1164 2769 1285 2850 ›Quae-

40 2875 153 2938 stioncs
177 2871 437 2954 medicolegales‹
463 2873 580 2955 bugd,
616 2873 756 2937 reiioiens
792 2873 964 2956 opinionem
1002 2894 1096 2957 nsque
1130 2893 1164 2938 eo
1199 2894 1283 2940 corn-

39 2977 257 3042 nunissimam
281 2976 313 3039 et
337 2977 468 3057 probans
492 2975 621 3044 thesim:
643 2977 773 3040 noevum
797 2977 967 3041 humanum
993 2979 1078 3042 nulla
1102 2979 1206 3043 anima
1221 2978 1285 3043 ullo

40 3083 232 3164 intempore
257 3079 356 3144 dotari
382 3080 440 3144 nisi
464 3081 625 3159 rationali,
658 3100 784 3164 eamque
817 3082 845 3144 iu
871 3083 936 3163 ipso
956 3083 1055 3164 primo
1078 3083 1285 3166 conceptionis

39 3192 195 3251 momento
226 3203 245 3248 a
276 3183 342 3247 Deo
365 3188 501 3249 creatam
527 3188 558 3251 et
587 3185 721 3250 infusam
746 3185 888 3267 recipere.
935 3185 979 3248 nr
1002 3185 1177 3251 conditione
1202 3187 1285 3252 vitae

40 3289 219 3373 supradicta
243 3288 335 3353 huius
358 3289 492 3372 auctoris
515 3291 546 3354 et
570 3289 760 3354 dedicatione
782 3288 881 3370 operis
905 3289 943 3352 ab
966 3289 1139 3353 Alexandro
1162 3293 1288 3373 recepta

39 3394 223 3458 concludere
247 3392 353 3476 possis,
378 3393 441 3457 iarn
464 3395 539 3459 tnnc
563 3395 640 3458 banc
663 3393 849 3458 sententiam
870 3392 1023 3475 placuisse
1046 3393 1195 3458 ecclesiae
1222 3415 1288 3461 rna·

41 3498 186 3580 gisterio,
219 3496 347 3579 ideoque
372 3497 497 3562 minime
521 3497 632 3561 mirum
657 3499 784 3562 eandem
810 3498 910 3580 magis
935 3500 1027 3580 atque
1052 3498 1152 3580 magis
1176 3517 1287 3581 propa·

41 3607 161 3684 potam,
197 3601 243 3664 111
265 3602 301 3664 nt
324 3600 354 3667 S.
379 3601 555 3683 Alpbonsns
582 3601 799 3687 scripserit⁴):
836 3601 943 3666 »illum
978 3601 1194 3685 (baptismum)
1230 3604 1286 3667 sub

40 3707 218 3770 conditione
240 3703 305 3768 sine
329 3705 420 3770 dnbio
444 3706 698 3783 ministrandum,
731 3707 974 3790 quondocunque
1005 3709 1133 3789 apparet
1156 3705 1284 3772 dubium

41 3809 73 3874 de
96 3811 168 3875 vila
194 3807 299 3891 prolis.
346 3810 426 3873 Hinc
457 3811 572 3893 optime
599 3814 703 3875 censet
726 3809 880 3875 Cardonas
904 3861 911 3876 .
936 3860 943 3874 .
970 3862 976 3876 .
1003 3811 1173 3894 lloncaglia
1203 3811 1286 3874 blaz-

42 3917 122 3979 mtta
148 3965 154 3978 .
183 3963 191 3978 .
216 3961 222 3975 .
248 3916 279 3976 et
301 3911 346 3976 La
371 3911 459 3978 Croin
490 3933 558 3977 cum
590 3915 661 3978 aliis
693 3915 790 3978 111.
815 3913 1024 3998 gravissimis,
1056 3933 1160 3980 omncs
1187 3914 1288 3979 foetus

42 4017 292 4082 abortivos...
324 4035 444 4100 semper
474 4037 539 4083 esse
571 4018 770 4101 baptizandos
799 4018 856 4084 snb
887 4017 1080 4098 conditione,
1113 4018 1138 4082 si
1171 4019 1288 4097 vivant,

43 4123 174 4186 maxime
203 4140 274 4184 cnm
307 4119 396 4186 hodie
428 4122 532 4205 vigeat
555 4123 656 4204 opinio
681 4123 827 4187 consino
852 4122 959 4204 plausu
983 4121 1130 4205 aperitis
1153 4127 1286 4204 recepta,

42 4226 117 4308 quod
143 4225 247 4290 foetus
269 4225 308 4289 ab
330 4225 419 4290 initio
442 4227 659 4309 conceptionis,
686 4226 733 4292 vel
749 4228 861 4292 saltem
878 4229 946 4308 post
962 4226 1080 4309 aliquos
1100 4225 1164 4290 dies
1180 4226 1284 4290 animo

144 4454 173 4522 1)
194 4451 315 4508 Censura
332 4451 395 4506 Vll.
415 4455 442 4507 et
460 4453 508 4510 1x.
526 4453 545 4507 1.
565 4469 589 4507 c.

144 4542 174 4610 2)
194 4538 314 4594 Censura
333 4539 423 4596 XXII.
441 4540 460 4594 1.
479 4556 501 4594 1.

145 4626 175 4696 3)
192 4628 210 4681 l.
229 4643 251 4680 c.
268 4641 333 4695 pag.
350 4625 424 4680 XIV.
441 4643 512 4680 cens.
532 4627 564 4682 V.

143 4711 287 4784 4)Τ11111.
307 4712 459 4767 1111111111).
479 4713 510 4772 V.
529 4728 557 4767 n.
578 4711 636 4766 124.
