3142 5204
289 329 329 406 ld
468 347 681 422 diademalem
703 344 782 412 Dies.
801 359 836 412 ire
854 365 915 412 cao.
934 345 987 411 ait.
1007 349 1103 413 consi.
1125 353 1228 426 Aponi.
1249 344 1344 413 Sedis.

390 531 486 597 Juxta
518 531 682 594 Averroem
706 529 807 594 infans
838 529 942 593 anima
973 532 1056 594 curet
1083 529 1248 607 rationali,
1284 531 1378 596 donec
1401 531 1541 615 incipiat

286 637 387 702 dicere
412 638 531 718 patrem
555 636 585 698 et
609 634 750 698 matrem.
792 633 928 699 loannes
950 633 1084 712 Marcus,
1108 636 1259 717 professor
1282 636 1447 718 Progensis
1471 637 1538 700 exi-

284 741 444 817 stimabat,
468 739 582 804 loetum
607 738 739 802 animari
762 739 899 820 tempore
923 741 1038 820 partus.
1081 737 1225 818 Quinimo
1249 739 1425 804 novissimis
1449 741 1539 805 tem·

284 845 409 929 poribus
433 845 507 907 haec
531 843 670 906 doctrina
703 844 865 924 patronum
899 842 1008 907 habuit
1033 843 1235 926 professorem
1271 845 1383 922 Nosse,
1414 846 1470 928 qui
1505 846 1539 909 in

284 947 480 1033 ephemeride
502 946 765 1030 Anthropologiae
791 947 873 1012 1824
896 947 980 1011 erlita
1014 948 1162 1024 articulo,
1198 951 1249 1030 qui
1285 949 1541 1014 inscribebatur:

288 1054 343 1118 »de
364 1052 554 1118 animatione
577 1052 736 1126 intentis«
764 1051 901 1116 delendit
920 1051 1055 1115 animam
1074 1053 1153 1116 uniri
1171 1053 1289 1136 corpori
1308 1058 1376 1136 post
1393 1056 1537 1136 partum.

285 1160 349 1224 Alii
373 1158 527 1242 putabant
550 1155 665 1220 loetum
690 1155 822 1220 animari
846 1155 876 1220 in
900 1159 990 1239 partu
1006 1157 1042 1241 ¹).

388 1261 523 1342 Quorum
548 1259 685 1326 omnium
709 1259 930 1342 propositiones
958 1261 1140 1344 reprobatae
1169 1261 1243 1326 sunt
1273 1262 1335 1324 iarn
1359 1281 1413 1344 per
1436 1261 1536 1325 inno-

285 1369 420 1432 centium
438 1366 491 1433 Xl.
509 1384 589 1430 anno
608 1365 689 1429 1679
707 1363 735 1431 d.
751 1362 779 1430 d.
796 1365 824 1427 2.
844 1364 959 1444 Martii,
982 1365 1034 1448 qui
1051 1366 1225 1450 reprobarit
1241 1366 1481 1448 propositionem
1494 1367 1537 1450 2);

391 1470 541 1534 »Videtur
558 1468 714 1551 probabile
730 1487 851 1532 omnem
870 1469 984 1533 loetum
1008 1469 1169 1552 (quamdiu
1191 1470 1221 1534 in
1240 1473 1325 1534 utero
1342 1472 1402 1554 est)
1426 1489 1539 1534 carere

285 1576 389 1640 anima
411 1573 555 1639 rationali
578 1574 610 1638 et
633 1576 706 1636 tuno
729 1573 861 1655 primum
887 1575 1021 1655 incipere
1037 1574 1165 1638 eandem
1183 1575 1295 1638 habere
1311 1594 1380 1638 cum
1398 1576 1537 1656 paritur,

285 1699 320 1744 ac
343 1677 469 1762 proinde
493 1677 655 1742 dicendum
680 1678 738 1741 erit
763 1677 794 1741 in
818 1677 901 1742 nullo
925 1679 1035 1743 abortu
1057 1678 1256 1742 homicidium
1281 1679 1436 1743 committi
1452 1681 1512 1764 ³).‹

388 1784 418 1848 4.
456 1783 567 1848 Restat
586 1781 681 1846 tertia
704 1783 859 1845 sordentia
880 1802 976 1866 eaque
992 1801 1064 1847 rera
1080 1783 1211 1848 animari
1232 1801 1340 1864 corpus
1358 1783 1538 1848 humanum

285 1889 388 1954 aninra
410 1887 555 1952 rationaii
579 1886 659 1950 inter·
682 1886 911 1968 conceptionem
929 1887 1121 1951 materialem
1131 1890 1159 1969 ⁴)
1176 1889 1208 1950 et
1225 1888 1358 1970 parturn.
1382 1887 1430 1952 Ita
1451 1909 1539 1952 nunc

285 2011 399 2057 omnes.
426 1989 485 2055 Sed
505 2008 618 2073 magna
641 1993 672 2054 et
695 1989 842 2055 diuturna
858 1993 924 2054 erat
940 1991 1132 2073 disceptatio,
1157 2009 1216 2074 quo
1233 1992 1380 2074 temporis
1397 1991 1538 2056 instanti

284 2097 314 2160 id
333 2095 396 2173 frat,
419 2098 522 2160 utrum
544 2095 575 2158 in
589 2093 785 2176 conceptione
803 2098 868 2177 ipsa
886 2114 926 2158 an
939 2096 1076 2176 tempore
1091 2096 1241 2176 sequenti,
1259 2096 1303 2159 ita
1319 2098 1363 2174 ut,
1383 2097 1466 2160 sicut
1489 2098 1540 2162 ait

285 2201 422 2284 Angelus
445 2199 569 2264 scholae
581 2200 607 2278 ⁵)
641 2218 753 2282 »quum
786 2199 816 2262 in
848 2199 1012 2282 embryone
1036 2199 1134 2281 primo
1158 2200 1200 2263 sit
1223 2200 1326 2263 anima
1352 2203 1538 2283 vegetativa

202 2379 203 2384 γ
283 2307 422 2381 tantum,
457 2323 550 2387 quum
574 2305 753 2386 perventum
788 2303 882 2367 fuerit
906 2303 943 2366 ad
967 2304 1109 2367 maiorem
1135 2303 1370 2386 perfectionem,
1396 2304 1537 2370 tollatur

284 2409 382 2474 forma
404 2407 586 2492 imperiecta
609 2410 640 2472 et
662 2407 808 2472 succedat
832 2408 943 2471 ultima
966 2408 1064 2472 forma
1088 2407 1344 2491 completissima,
1376 2429 1454 2492 quae
1480 2415 1532 2473 est

284 2514 387 2578 anima
420 2512 611 2577 rationalis«
672 2511 714 2576 dx
744 2512 802 2575 hac
838 2512 992 2576 sententia
1025 2512 1353 2590 functionesvitales,
1386 2532 1465 2594 qnae
1498 2515 1534 2577 in

283 2619 448 2702 embryone
472 2618 544 2681 ante
568 2616 787 2681 animationem
819 2634 871 2698 per
905 2617 1039 2680 animam
1074 2617 1255 2681 rationalem
1291 2621 1458 2699 apparent,
1499 2621 1537 2682 ut

284 2722 440 2805 vegetatio
464 2723 496 2785 et
518 2722 660 2798 secretio,
686 2739 743 2785 non
768 2721 938 2803 procedunt
961 2721 1000 2784 ab
1025 2721 1128 2785 anima
1150 2720 1265 2796 loetuS,
1290 2720 1342 2784 sed
1365 2721 1402 2784 ab
1423 2722 1538 2786 anima

284 2827 392 2892 matris
416 2827 454 2890 ab
478 2826 540 2890 alia
559 2826 589 2889 ri
612 2825 777 2890 formative
800 2826 839 2888 ab
864 2826 967 2890 anima
984 2825 1128 2890 rationali
1145 2825 1292 2889 distincta
1307 2829 1399 2908 atque
1415 2827 1538 2890 semini

282 2929 464 2995 inhaerenti.
513 2929 558 2993 De
582 2932 717 3012 tempore
741 2930 862 3005 autern,
887 2949 945 3012 quo
966 2930 1083 3013 corpori
1102 2930 1166 3012 jam
1193 2929 1322 2994 tornrato
1347 2931 1378 2992 et
1402 2933 1540 3011 organi·

282 3039 350 3100 zato
374 3034 479 3100 anima
501 3033 662 3098 rationalis
685 3032 854 3115 copuletur,
881 3033 969 3097 valde
991 3035 1072 3097 inter
1096 3053 1128 3098 se
1151 3033 1336 3116 discrepant.
1384 3033 1538 3116 Plerique

283 3142 314 3203 et
339 3139 447 3204 medici
470 3141 503 3202 et
525 3137 662 3219 theologi
685 3139 718 3200 et
741 3137 881 3219 philophi
902 3137 1047 3201 arbitrati
1070 3139 1159 3213 sunt,
1193 3139 1363 3202 masculum
1392 3137 1537 3203 animari

282 3245 363 3308 circa
387 3244 467 3308 diem
491 3241 780 3326 quadragesimum,
813 3240 979 3305 foeminam
1017 3241 1098 3306 circa
1130 3241 1364 3324 nonagesimum
1396 3241 1481 3305 diem
1518 3266 1540 3309 a

195 3345 201 3354 '
283 3348 490 3432 conceptione.

385 3453 453 3517 Non
478 3451 613 3516 alienum
639 3454 712 3533 puto
736 3451 827 3514 verba
851 3449 999 3514 eiusmodi
1024 3449 1205 3515 Aristotelis
1220 3451 1340 3528 afferre,
1360 3470 1456 3533 quum
1476 3453 1538 3518 hic

283 3558 382 3622 medio
395 3576 468 3621 aevo
482 3558 517 3620 ut
531 3556 680 3639 magister
695 3555 724 3618 in
742 3573 773 3618 rc
789 3554 1000 3637 philosophica
1015 3557 1047 3619 et
1063 3555 1196 3618 naturali
1214 3554 1376 3618 haberetur
1392 3573 1537 3638 eumque

282 3665 421 3728 auctores
437 3661 549 3726 caeteri
566 3660 776 3743 sequerentur.
811 3659 1041 3724 »Commotus«
1064 3659 1144 3742 ait⁶)
1168 3660 1217 3722 »in
1236 3663 1322 3723 utero
1339 3659 1534 3740 formantur,

282 3767 415 3832 foemina
438 3765 557 3831 tardius
581 3785 672 3848 quam
701 3783 767 3827 mas
790 3763 1008 3846 perfectionem
1036 3782 1226 3847 quarumque
1258 3765 1391 3846 partium
1423 3765 1536 3846 rcipit.

283 3872 372 3947 Mae,
396 3871 449 3955 qui
477 3870 714 3953 quadragesimo
745 3867 794 3932 die
825 3869 952 3945 exierit,
986 3872 1113 3950 apparet
1136 3869 1353 3952 magnitudine
1377 3869 1538 3936 formicae

283 3975 469 4040 maiusculaa
503 3979 536 4039 et
568 3974 704 4039 membra
739 3972 802 4036 iarn
835 3972 904 4036 iude
938 3971 1071 4037 discreta
1095 3976 1162 4038 tum
1184 3974 1307 4037 caetera
1329 3973 1432 4036 omnia
1455 3978 1532 4040 turn

386 4116 411 4182 1)
430 4115 630 4178 Εηηεπιοεεν,
648 4113 667 4167 l.
685 4128 707 4166 e.
725 4128 788 4182 pag.
809 4113 833 4165 7.

384 4202 410 4270 2)
429 4218 504 4271 prop.
523 4200 564 4265 35,
587 4201 770 4268 Denatnpcr,
790 4199 807 4252 l.
827 4214 849 4251 o.
869 4213 894 4252 n.
913 4197 987 4252 1052.

384 4289 412 4356 3)
430 4289 461 4342 ct.
481 4288 575 4342 Thour.
593 4286 614 4340 1.
635 4302 661 4355 q.
681 4285 738 4340 118.
756 4287 807 4338 art.
824 4285 840 4337 2
859 4284 893 4338 ad
913 4285 938 4338 2.

381 4377 409 4443 4)
429 4373 575 4444 Conceptio
591 4371 740 4428 materialis
758 4377 800 4426 est
818 4371 998 4436 cohabitatio,
1018 4387 1082 4425 usus
1103 4372 1285 4436 matrimonii,
1303 4370 1440 4438 conceptio
1468 4389 1536 4442 per·

280 4467 378 4521 sonalis
397 4461 568 4518 foecundatio
585 4461 627 4514 ori
646 4458 783 4514 muliebris
801 4457 903 4512 semine
921 4456 1010 4525 virili;
1029 4458 1052 4511 si
1072 4458 1109 4511 nil
1125 4457 1283 4521 adnotatur,
1302 4456 1442 4525 intelligas
1464 4475 1535 4514 con-

281 4554 431 4622 ceptionem
449 4551 477 4605 in
497 4551 546 4604 hoc
563 4565 651 4602 sensu.

383 4639 409 4707 5)
430 4637 538 4704 Quaest.
560 4636 659 4704 disput.
678 4653 703 4704 q.
723 4634 792 4688 unic.
811 4633 844 4687 dc
862 4634 955 4689 anima
972 4651 996 4689 a.
1016 4636 1040 4689 9.

383 4726 410 4795 d)
428 4726 460 4780 Io
479 4724 548 4779 libro
566 4723 600 4777 de
618 4723 682 4776 hist.
700 4721 719 4774 l.
739 4723 764 4776 7.
782 4737 806 4776 c.
823 4721 849 4775 3.
