3142 5204
250 325 313 392 100
435 343 649 410 Heidenrer'cb,
670 343 750 400 Diae.
767 345 803 399 tre
823 359 885 399 cue.
903 345 958 398 alt.
976 348 1071 400 const.
1090 345 1194 413 Apoet.
1213 343 1310 398 Sedis.

253 515 441 604 producant,
471 515 608 581 attamen
636 517 718 584 certe
746 515 931 598 productura
960 515 1023 578 sint
1046 517 1115 598 post
1138 533 1284 580 mensem.
1326 513 1386 577 llic
1409 512 1505 577 enim

245 639 339 694 rere,
363 618 482 703 proprie
506 621 537 684 et
559 617 676 684 directe
699 619 817 701 aliquid
841 637 876 682 ex
899 619 1052 684 industria
1073 619 1140 683 vult
1162 621 1194 683 et
1215 618 1350 700 quaerit,
1385 637 1466 700 ergo
1479 616 1508 700 ¹)

252 742 412 790 censuram
436 723 575 787 incurrit.

356 827 467 893 ltestat
497 826 620 890 demum
651 826 762 890 ultima
794 845 888 908 eaque
922 825 1022 908 prima
1055 825 1206 904 conditio,
1242 845 1302 907 qna
1337 824 1509 888 dilicieute

252 949 419 1013 nunquam,
446 929 505 995 etsi
529 929 609 994 eliae
626 948 731 994 omnes
746 929 849 994 adsint
865 929 1066 1003 conditiones,
1090 929 1119 992 iu
1139 929 1351 1012 procuratione
1367 929 1509 993 abortus

252 1052 379 1098 censura
402 1033 614 1112 contrahitur,
651 1051 759 1116 nempe
792 1032 883 1098 debet
913 1018 1040 1096 effectus
1069 1036 1217 1116 sequutus
1245 1051 1310 1096 esec
1332 1051 1366 1096 es
1388 1031 1509 1096 labore

252 1137 398 1220 impenso.
445 1138 513 1202 Non
537 1137 714 1215 incurritur,
738 1156 810 1220 ergo
833 1137 1106 1200 excommunicatio
1136 1138 1168 1200 1⁰
1184 1137 1208 1200 si
1226 1138 1353 1203 effectus
1369 1136 1508 1200 omnino

252 1261 312 1308 non
332 1243 480 1325 sequutus
497 1243 553 1318 est,
576 1241 716 1323 quamvis
732 1241 965 1317 medicamenta,
987 1241 1125 1323 potiones
1142 1241 1263 1322 aliaque
1278 1239 1508 1304 efficacissima

252 1344 387 1410 remedia
409 1345 447 1408 ad
472 1344 613 1410 abortum
637 1343 842 1409 inducendum
874 1345 1016 1407 adbibita
1044 1344 1163 1420 sinte),
1196 1348 1226 1408 et
1255 1345 1289 1408 2⁰
1312 1343 1338 1408 si
1359 1345 1508 1408 rationa-

252 1447 358 1512 biliter
380 1448 559 1526 dubitatur,
585 1467 659 1514 num
681 1448 890 1530 subsequutus
911 1447 952 1511 sit
975 1447 1148 1532 ellectum).
1194 1447 1230 1511 In
1259 1447 1400 1512 omnibus
1425 1448 1507 1511 aliis

252 1551 373 1616 casibus
398 1570 562 1634 procurans
587 1551 730 1616 abortum
760 1551 871 1615 effectu
897 1554 1001 1616 secuto
1026 1551 1181 1614 contrabit
1203 1551 1505 1616 excommunicatio-

253 1673 321 1720 nem
343 1655 425 1718 latae
449 1655 631 1720 sententiae.
677 1654 812 1720 Effectus
836 1657 939 1718 eutem
964 1657 1031 1718 tum
1055 1657 1137 1718 certe
1161 1657 1284 1719 secutus
1307 1654 1423 1719 censeri
1444 1674 1506 1736 po-

254 1759 356 1837 toste),
382 1759 407 1822 si
425 1758 523 1822 fluxus
542 1758 705 1840 sanguinis
721 1761 907 1834 menstruus,
932 1758 982 1839 qui
1001 1759 1197 1840 conceptione
1213 1759 1294 1821 lacta
1309 1761 1504 1834 cessaverat,

255 1863 353 1926 denuo
376 1866 534 1946 promotus
557 1867 612 1927 est.
660 1862 775 1925 Tamen
804 1861 1111 1925 animadvertendum
1137 1865 1193 1938 est,
1218 1879 1377 1926 censuram
1399 1863 1502 1926 etiam

255 1966 366 2030 effectu
389 1967 494 2030 secuto
515 1984 573 2030 non
597 1965 712 2030 incurri
736 1965 765 2028 in
790 1964 1020 2047 »resipiscentia
1044 1985 1061 2030 a
1085 1966 1210 2047 peccatu
1239 1965 1302 2030 iam
1330 1965 1501 2029 inchoato«

255 2070 294 2136 al.
317 2088 420 2152 supra.

359 2173 441 2237 Note
466 2173 494 2236 1.
519 2171 609 2237 quta
633 2172 797 2236 Decretum
821 2171 988 2238 Olcnecntr'a
1010 2171 1101 2253 Papo
1125 2171 1219 2237 VIII.
1229 2173 1255 2254 ὗ)
1269 2173 1350 2254 quod
1369 2171 1502 2254 incipit:

259 2275 498 2342 »sanctissimus
523 2275 689 2340 Dominus«
716 2275 891 2358 Superiores
907 2274 1057 2340 Ordinum
1081 2275 1292 2358 religiosorum
1315 2276 1375 2340 sibi
1399 2295 1502 2340 reser-

257 2400 331 2444 vare
351 2383 488 2462 possunt,
512 2380 611 2461 quoad
628 2379 870 2444 absolutionem:
896 2429 902 2442 .
928 2431 934 2445 .
959 2429 966 2444 .
991 2383 1025 2442 δῦ
1050 2379 1239 2455 Procuratio,
1263 2379 1426 2444 consilinm
1450 2381 1503 2444 vel

256 2483 405 2550 auxilium
426 2484 465 2546 ad
489 2485 631 2548 abortum
654 2484 738 2548 foetu
761 2483 890 2547 animati
909 2482 1003 2546 etiarn
1028 2483 1137 2546 effectu
1159 2501 1218 2548 non
1241 2485 1374 2549 secuto«
1479 2475 1484 2482 '

360 2589 389 2651 2.
426 2587 463 2650 In
487 2586 640 2652 nonnullis
663 2587 852 2651 dioecesibus
876 2586 1030 2652 Ordinarii
1058 2588 1212 2669 potestate
1235 2586 1391 2650 ordinarie
1415 2587 1502 2651 bunc

256 2706 360 2754 casum
384 2690 442 2754 sibi
471 2691 702 2754 reservaverunt
732 2693 764 2754 at
793 2690 970 2772 plerumque
1001 2709 1129 2754 censure
1161 2690 1370 2756 multaverunt
1399 2691 1501 2755 etiarn

255 2795 397 2856 conatum
421 2796 453 2856 et
474 2793 667 2856 consulentes
691 2795 750 2858 ete.
775 2812 801 2855 v.
823 2811 852 2875 g.
877 2793 909 2856 in
932 2793 1062 2858 dioecesi
1088 2794 1330 2878 dystettensi⁶):
1358 2794 1420 2859 »Ut
1442 2814 1502 2858 au·

254 2897 317 2960 tem
342 2895 547 2966 abominabile
569 2896 729 2978 peccatum
753 2896 976 2978 procurationis
998 2897 1141 2974 abortus,
1174 2900 1325 2980 quantum
1348 2897 1414 2961 fieri
1439 2919 1496 2981 po-

248 3001 333 3076 test,
363 2999 531 3064 efficaciter
555 2999 756 3082 reprimatur‚
788 3000 851 3063 Nos
878 3019 912 3064 er
936 3004 1088 3082 potestate
1112 3000 1266 3066 ordinaria
1290 3003 1500 3068 reservatione

255 3101 422 3186 episcopali
445 3103 590 3186 ligamus,
614 3103 666 3186 qui
689 3103 791 3168 animo
807 3104 999 3186 procurandi,
1023 3123 1202 3187 quoeunque
1218 3104 1342 3169 demum
1359 3108 1500 3188 tempore

255 3206 492 3288 econceptione
515 3205 632 3271 iactum
657 3207 767 3285 fuerit,
806 3226 930 3272 oausam
962 3208 1098 3289 aliquam
1133 3207 1227 3273 etiem
1257 3197 1499 3274 insufficientem

256 3310 412 3392 posuerint
443 3309 655 3391 perentiendo,
691 3310 857 3386 sumendo,
892 3310 1094 3394 propinando,
1129 3311 1314 3388 hauriendo,
1348 3314 1498 3395 parando,

255 3413 440 3479 consulendo
464 3417 518 3478 aut
538 3415 729 3498 applicando.
775 3415 882 3498 Neque
906 3418 1011 3478 tamen
1036 3415 1114 3480 haue
1136 3417 1373 3480 reservationem
1395 3417 1500 3481 iucur-

256 3519 434 3594 citantor,
466 3536 544 3600 quae
574 3517 678 3582 labore
708 3519 755 3582 vel
783 3537 963 3601 quocunque
994 3518 1054 3584 alio
1077 3519 1166 3583 modo
1189 3519 1305 3601 absque
1327 3520 1498 3586 intentione

256 3641 380 3686 eausam
404 3621 530 3686 abortus
554 3621 626 3687 licet
648 3623 784 3706 graviter
807 3621 991 3704 culpabilem
1014 3622 1255 3706 praebuerint«

361 3761 386 3824 1)
408 3763 571 3826 Pcnrracta‘,
591 3760 608 3814 l.
628 3775 649 3814 c.
669 3777 731 3829 pag.
752 3757 793 3814 at.

361 3845 388 3914 2)
411 3848 574 3910 Pannonii,
593 3848 611 3900 1.
630 3864 651 3901 c.
670 3863 732 3915 pag.
751 3845 793 3900 23.

358 3931 386 3998 3)
407 3934 528 3996 Heium,
548 3933 567 3987 l.
584 3949 606 3987 c.
625 3949 686 4002 pag.
709 3933 747 3988 13.
784 3932 817 3986 ci.
837 3934 927 3986 tamen
949 3933 1129 3994 lrctmlcrubl,
1146 3932 1183 3987 11.
1203 3951 1228 3988 n.
1247 3933 1298 3988 970
1316 3931 1499 4001 distinguitur

256 4019 328 4072 inter
346 4034 485 4072 censuram
509 4022 537 4072 et
558 4019 774 4074 reservationem.
818 4017 936 4072 Censura
961 4017 1068 4072 videtur
1095 4019 1195 4073 incurri
1223 4019 1246 4072 si
1273 4019 1381 4074 effectus
1404 4035 1497 4087 reapse

257 4106 363 4158 secutus
385 4106 434 4166 est,
453 4104 531 4158 seda
551 4109 710 4172 procurante
726 4104 881 4175 ignoratur,
900 4106 941 4158 vel
963 4121 992 4158 eo
1010 4103 1162 4170 dubitetur,
1185 4105 1231 4160 sad
1250 4104 1388 4175 poenitens
1407 4109 1496 4176 potest

254 4189 366 4254 absolvi,
386 4205 445 4244 cum
464 4207 549 4260 neque
567 4191 624 4258 ipse
643 4207 729 4260 neque
746 4191 924 4245 confessarius
940 4207 1077 4244 censuram
1101 4194 1201 4246 certam
1220 4194 1373 4261 cognoscat.

359 4275 388 4342 4)
409 4275 517 4342 Oll'ers,
539 4277 786 4342 Pastoralmedicin‚
806 4294 866 4346 pag.
887 4277 928 4331 72.

361 4361 389 4428 5)
409 4360 434 4414 d
451 4362 474 4415 d.
494 4363 536 4416 26.
555 4363 610 4417 Mai
631 4364 704 4418 1593.

360 4446 387 4515 6)
407 4447 537 4502 Instruct.
557 4449 689 4504 Pastoral.
710 4450 783 4519 Eyst.
802 4436 865 4519 pag.
883 4449 939 4504 186.

358 4533 385 4600 7)
403 4531 435 4588 ci.
456 4533 538 4589 Casus
552 4538 703 4590 reservatos
714 4535 743 4589 in
755 4534 869 4590 dioecesi
883 4534 1076 4604 Argentinenei
1094 4533 1127 4602 (c.
1142 4534 1191 4601 13),
1211 4534 1344 4588 Basilensi
1365 4533 1429 4603 (cas.
1444 4535 1493 4602 ll),

255 4620 386 4676 Fuldeusi
407 4621 438 4689 (c.
460 4621 495 4688 3),
516 4615 693 4690 Herbpolensi
714 4626 745 4690 (e.
765 4621 814 4690 ΙΙ),
832 4621 948 4676 Metansi
966 4622 998 4689 (c.
1010 4621 1053 4689 9),·
1066 4621 1187 4692 Spirensi
1205 4622 1236 4690 (c.
1252 4623 1289 4691 6),
1306 4619 1493 4677 Worruatieusi

254 4707 475 4778 mmmm
