3142 5204
397 307 599 378 Operationes
616 307 652 360 ta
668 311 765 374 parta
784 306 899 362 licitae.

246 499 388 565 la'ccitos
407 496 551 562 sectionis
573 515 738 560 caesareae
761 494 887 576 οίοηηηο
908 495 1069 580 οόῐὶρηιίο.Δ

126 633 381 720 Perstringimus
403 631 611 698 moralitatem
632 631 653 696 i.
677 650 702 696 e.
726 631 896 698 liceitatem
920 634 1176 718 hysterotomiae,
1198 659 1276 722 quo-

1 763 2 822 t
30 753 102 816 riam
125 763 194 810 non
220 739 401 815 defuerunt,
433 736 484 819 qui
508 752 581 799 sane
601 736 724 818 propter
746 734 902 800 infelicem
926 737 1042 802 exitum
1067 739 1140 804 talis
1164 758 1274 824 opera-

28 853 114 922 tionis
139 865 201 914 suo
227 847 379 926 tempore,
411 839 457 904 ita
477 841 513 902 nt
534 839 629 902 secari
654 841 685 903 et
708 838 804 902 occidi
828 859 922 903 unum
951 843 1047 919 esset,
1078 845 1191 910 acriter
1219 846 1275 910 ad-

28 955 240 1024 versarentur.
274 946 395 1012 Andias
418 961 512 1006 unum
535 961 589 1024 pro
613 940 737 1005 multis:
764 941 992 1022 »Quorundam
1015 946 1125 1011 scribit
1140 947 1276 1016 Comita-

27 1067 68 1130 los
79 1061 117 1147 ¹),
143 1052 342 1120 medicorum
364 1046 549 1112 sententiam
574 1045 782 1128 opinantium,
813 1047 865 1110 ubi
889 1047 999 1112 matris
1021 1050 1168 1132 gravidae
1191 1054 1276 1118 salus

27 1161 195 1248 desperata
216 1157 279 1234 est,
303 1153 441 1218 ventrem
464 1148 529 1214 eins
553 1148 644 1214 licere
667 1147 815 1227 discindi,
839 1151 875 1213 ut
899 1150 999 1232 proles
1021 1157 1169 1232 servetur,
1192 1156 1276 1220 ebri-

25 1271 144 1336 stianae
172 1277 267 1328 aures
287 1253 423 1344 aversari
445 1253 574 1318 debent:
598 1271 690 1335 quam
714 1253 820 1318 tamen
842 1253 979 1318 medicus
1000 1258 1199 1340 septuaginta
1221 1279 1276 1324 an·

25 1393 72 1440 nos
94 1370 212 1443 uatus,
241 1357 529 1445 impudentissimus
558 1354 758 1421 altercatione
789 1375 909 1421 mecum
942 1359 1060 1437 habita,
1088 1370 1120 1426 et
1155 1365 1277 1445 maguis

25 1471 220 1544 clamoribus
247 1461 480 1550 propugnabat,
515 1459 568 1524 sed
599 1461 663 1524 eius
699 1459 860 1524 audaciam
888 1461 920 1525 et
943 1461 1123 1528 ferocientes
1147 1465 1277 1548 spiritus

25 1574 228 1660 theologicae
250 1567 380 1634 rationis
403 1563 589 1630 auctoritate
612 1563 777 1645 compressi
801 1582 930 1647 eumque
958 1585 1010 1648 pro
1033 1566 1134 1634 officio
1162 1572 1275 1650 monui,

25 1689 55 1752 ut
79 1677 253 1752 caedium,
284 1688 415 1755 quarum
438 1667 469 1733 in
490 1665 677 1732 dissecandis
700 1665 868 1732 mulierum
892 1667 989 1735 uteris
1013 1672 1067 1736 aut
1090 1675 1198 1738 auctor
1222 1676 1278 1739 ant

24 1804 134 1856 suasor
158 1776 329 1853 extitisset,
352 1773 473 1840 veniam
497 1789 516 1835 a
537 1769 600 1836 Deo
622 1770 748 1853 supplex
770 1769 987 1853 deprecaretur
1011 1823 1017 1838 .
1039 1823 1048 1839 .
1072 1826 1079 1840 .

130 1886 199 1951 Hic
220 1880 298 1946 mihi
321 1895 478 1944 sacrarum
502 1872 725 1940 confessionum
748 1873 858 1938 arbitri
878 1893 1002 1958 prorsus
1026 1879 1219 1964 admonendi,
1241 1887 1277 1951 nt

25 2015 91 2061 cum
128 1989 172 2056 ad
206 2003 312 2051 eorum
341 1977 511 2046 tribunalia
541 1978 595 2042 isti
625 1978 761 2043 matrum
789 1979 822 2042 et
852 1997 1014 2060 puerorum
1043 1985 1203 2052 carnifices
1226 2007 1279 2054 ac·

26 2095 166 2171 redunt,
205 2086 376 2174 peracerba
414 2082 483 2149 illos
521 2081 657 2148 oratione
695 2081 850 2164 castigent
900 2085 1046 2168 gravique
1089 2090 1280 2171 poenitentia

26 2195 222 2268 mulctent«

132 2299 274 2366 Maiores
300 2291 397 2361 secari
427 2292 459 2356 et
490 2289 605 2368 occidi,
639 2291 674 2354 ut
704 2288 794 2354 modo
830 2289 981 2370 diximus,
1012 2311 1108 2358 unum
1133 2297 1277 2381 idemque

25 2412 157 2493 putasse
199 2403 233 2466 et
268 2418 304 2465 ex
337 2397 395 2461 hae
428 2394 494 2459 sola
531 2411 624 2459 eausa
662 2410 835 2456 caesaream
872 2394 1037 2460 sectionem
1074 2400 1277 2480 prohibuisse,

25 2510 195 2592 intelligas
219 2503 252 2568 et
274 2521 308 2566 ex
330 2499 363 2569 S.
384 2497 513 2576 Thoana,
537 2494 624 2580 quir)
646 2496 781 2579 quaerit:
808 2497 939 2562 »Utrum
962 2500 1049 2582 pueri
1072 2501 1103 2564 in
1126 2505 1277 2569 maternis

26 2615 125 2682 uteris
143 2607 242 2694 positi
259 2605 322 2670 sint
338 2601 544 2686 baptizandi«
571 2602 602 2664 et
623 2600 668 2664 sic
691 2598 904 2682 procedit...
933 2603 971 2666 »3
997 2653 1002 2666 .
1022 2655 1028 2670 .
1051 2603 1135 2670 Mors
1151 2609 1278 2674 aeterna

25 2721 109 2803 peior
135 2715 191 2780 est
211 2727 306 2794 quam
327 2725 410 2772 mors
433 2703 607 2788 corporalis.
638 2701 699 2768 Sed
721 2703 759 2767 de
781 2703 900 2770 duobus
924 2706 1014 2772 malis
1038 2709 1138 2773 minus
1161 2711 1277 2776 malum

27 2827 70 2888 est
95 2814 297 2903 eligendum.
342 2809 375 2876 Si
395 2828 468 2898 ergo
490 2827 565 2892 puer
586 2806 618 2870 in
639 2807 727 2871 utero
749 2807 860 2874 matris
888 2809 1020 2876 existens
1045 2812 1194 2895 baptizari
1218 2835 1279 2880 non

26 2925 140 3010 potest,
169 2917 285 2984 melius
307 2914 398 2992 esset,
422 2912 503 2997 quod
527 2912 625 2976 mater
645 2910 815 2993 aperiretur
835 2915 868 2977 et
890 2933 965 2996 puer
982 2915 1010 2980 vi
1027 2916 1155 2981 eductus
1177 2919 1279 3003 bapti·

27 3029 171 3103 zaretur,
205 3039 299 3106 quam
329 3017 409 3102 quod
440 3035 514 3100 puer
540 3012 739 3079 aeternaliter
761 3013 963 3082 damnaretur
985 3020 1101 3102 absque
1125 3022 1280 3106 baptismo

28 3131 219 3198 decedens.
246 3176 253 3191 .
279 3172 285 3184 .
312 3120 490 3205 Respondes
513 3116 691 3192 dicendum,
721 3117 802 3197 qnod
834 3136 894 3183 uon
926 3123 999 3185 sunt
1022 3122 1163 3188 facienda
1186 3127 1280 3206 mala,

27 3241 57 3302 nt
81 3229 226 3301 veniant
247 3228 345 3303 bona,
376 3227 413 3290 ut
435 3223 550 3288 dicitur
573 3221 658 3288 Rom.
683 3218 748 3298 111,
772 3221 811 3298 8,
842 3222 874 3285 et
900 3222 968 3288 ideo
992 3244 1052 3292 ηηη
1076 3227 1168 3292 debet
1191 3227 1281 3295 homo

28 3339 172 3405 occidere
193 3333 339 3408 matrem,
362 3328 398 3392 ut
421 3325 557 3409 baptizet
580 3343 717 3407 puerum.
749 3321 782 3389 Si
805 3327 910 3391 tamen
933 3330 1171 3396 matermortua
1188 3333 1281 3398 luerit

28 3442 155 3509 tinente
182 3434 269 3521 prole
289 3433 322 3498 ἱη
345 3433 442 3510 utero,
464 3430 556 3494 debet
578 3427 699 3511 aperiri,
729 3430 765 3493 ut
787 3447 861 3511 puer
885 3429 1087 3512 baptizetur«

133 3541 230 3608 Idem
253 3556 325 3622 prae
347 3534 445 3602 oculis
467 3534 583 3599 habens
604 3534 695 3598 solvit
718 3533 958 3618 Atpbarasas³tz
996 3537 1056 3601 »lit
1085 3538 1123 3604 ob
1153 3539 1282 3606 eandem

29 3652 191 3718 rationem
223 3641 304 3726 (scil.
336 3656 494 3721 nunquam
526 3638 573 3702 est
604 3635 724 3701 licitum
747 3637 785 3702 ob
809 3655 1023 3722 quamcunque
1045 3658 1172 3707 causam
1195 3642 1284 3709 inno-

29 3756 155 3821 centem
182 3745 302 3812 direote
325 3742 476 3827 occidere)
498 3759 557 3806 non
579 3739 665 3818 licet,
690 3739 825 3805 incidere
849 3744 987 3806 ventrem
1011 3745 1122 3810 matris
1148 3746 1283 3828 proxime

29 3859 226 3930 moriturae,
249 3848 286 3913 ut
308 3846 374 3912 eius
396 3845 497 3910 inians
520 3844 710 3928 baptismum
733 3843 876 3928 recipiat,
901 3848 937 3910 ut
958 3849 1163 3914 communiter
1188 3849 1284 3915 etiam

30 3962 141 4028 dicunt
170 4006 180 4021 .
208 4007 215 4023 .
241 4004 248 4019 .
278 3950 344 4015 Nec
375 3949 456 4015 ualet
488 3948 607 4026 dicere,
639 3947 718 4030 quod
750 3947 817 4012 vita
843 3945 1015 4030 spiritualis
1037 3950 1165 4017 infantis
1189 3953 1282 4018 debet

28 4059 187 4146 praeferri
208 4057 291 4124 vitae
310 4052 474 4136 temporali
496 4051 623 4128 matrim
649 4069 718 4114 uam
742 4051 800 4116 hoc
822 4050 1071 4135 intelligendum,
1095 4057 1282 4141 utquisque

29 4169 145 4235 debeat
171 4161 301 4248 quidem
324 4161 454 4223 mortem
476 4155 637 4234 sustinere,
660 4173 720 4220 non
742 4156 856 4233 autern,
878 4156 913 4221 ut
929 4156 1042 4222 debeat
1056 4177 1111 4224 neo
1133 4162 1169 4224 ut
1186 4162 1284 4242 possit

28 4273 169 4339 mortem
194 4264 256 4332 sibi
278 4261 391 4328 inferre
415 4260 462 4326 rel
486 4259 618 4326 alterum
642 4258 777 4326 occidere
809 4278 863 4343 pro
893 4261 990 4325 saluti
1021 4263 1180 4345 spirituali
1214 4283 1284 4347 pro·

32 4405 359 4424 -,-,-...-...-.

137 4478 171 4547 1)
189 4475 332 4541 Responsa
346 4468 458 4524 momlia
475 4467 540 4523 1611
564 4469 582 4524 l.
600 4468 624 4523 1.
644 4485 689 4538 qu.
713 4467 787 4526 XIV.
805 4469 876 4540 apud
896 4471 929 4525 A.
949 4469 992 4536 E,
1011 4470 1028 4524 1.
1049 4485 1072 4525 c.
1090 4485 1153 4541 pag.
1168 4469 1228 4525 265,

136 4564 170 4627 2)
189 4562 209 4618 L
231 4577 254 4616 e.
272 4558 323 4614 111.
343 4573 368 4627 q.
386 4557 428 4612 68.
445 4572 469 4610 a.
489 4556 530 4609 ll.

136 4651 171 4722 3)
190 4651 211 4706 1.
230 4665 253 4704 c.
274 4645 292 4700 L
311 4645 344 4700 V.
362 4660 388 4698 n.
408 4642 470 4700 106.

1138 4731 1184 4802 6*
