3142 5204
292 348 356 417 104
863 351 969 422 index.

1485 541 1535 584 Ρη.

289 609 351 664 Non
370 611 412 664 eet
429 608 528 663 iurinm
540 607 643 663 collisio
657 623 740 676 eaque
752 605 928 661 nihilominus
943 606 1060 660 admissa
1074 623 1126 660 non
1140 607 1279 676 praevalet
1292 606 1333 661 ius
1349 607 1444 662 matris
1500 609 1533 662 61

290 696 385 751 Infans
403 695 431 750 in
449 698 527 749 utero
544 712 595 748 non
614 697 656 749 est
674 694 762 762 portio
782 693 876 747 matris
914 731 1464 746 ........
1502 695 1537 746 62

291 782 410 836 Abortae
427 779 545 836 directus
565 783 593 834 et
611 781 786 834 craniotomia
804 778 980 847 prohibentur
999 777 1094 847 quinto
1113 777 1241 846 Deealogi
1262 782 1404 847 praecepto
1440 821 1446 833 .
1502 781 1535 832 61

292 865 396 923 Omisso
417 868 512 922 abortu
532 867 634 921 directo
652 867 695 920 vel
712 866 887 920 craniotomia
906 867 992 918 mater
1011 881 1062 917 non
1082 863 1223 918 euicidium
1242 865 1367 919 admittit
1441 907 1447 919 .
1504 867 1536 919 67

290 953 351 1009 Non
373 954 437 1010 licet
455 955 556 1010 loetum
575 955 686 1024 perdere
704 958 842 1025 tamquam
863 954 1010 1008 »iniustum
1029 969 1233 1022 aggressorem«
1285 993 1291 1006 .
1362 995 1368 1008 .
1442 995 1448 1008 .
1505 954 1537 1006 68

292 1039 386 1110 Neque
404 1057 450 1109 per
468 1041 621 1111 analogiam
639 1041 800 1095 iustificetur
820 1040 929 1094 abortus
950 1039 1068 1094 directus
1086 1040 1128 1093 vel
1148 1040 1323 1094 craniotomia
1363 1080 1369 1093 .
1442 1082 1448 1094 .
1506 1042 1539 1093 69

829 1159 933 1216 866616
952 1159 991 1216 11.

291 1264 467 1333 Operationca
485 1266 512 1319 in
530 1266 609 1334 partu
626 1265 717 1319 licitae
743 1305 1136 1320 ......
1209 1278 1214 1291 ·
1287 1307 1292 1318 .
1364 1304 1370 1318 ,
1443 1305 1450 1318 .
1505 1266 1537 1318 71

293 1353 392 1407 Partus
410 1354 469 1406 arte
486 1355 671 1419 praematurus
1505 1353 1535 1404 71

293 1438 411 1493 Abortae
430 1437 577 1492 indirectas
1505 1439 1538 1490 73

294 1525 382 1580 Sectio
400 1539 523 1579 caesarea
588 1565 595 1580 .
665 1566 671 1579 .
743 1563 749 1575 .
820 1541 855 1578 .·
898 1539 903 1551 ·
1504 1524 1537 1577 78

293 1611 430 1666 Historiae
447 1610 574 1665 sectionis
592 1626 730 1665 caesareae
748 1611 869 1681 synopsis
899 1653 905 1664 .
977 1601 982 1664 ’.
1054 1651 1450 1665 ......
1504 1611 1537 1664 78

292 1697 482 1754 Periculositas
500 1697 717 1767 Hysterotomiae
739 1737 1447 1751 ..........
1503 1696 1536 1748 86

293 1783 408 1838 Liceitae
427 1783 554 1838 sectionis
571 1797 709 1837 caesareae
728 1783 836 1852 eiusque
855 1783 988 1852 obligatio
1053 1823 1449 1838 ......
1503 1784 1536 1836 88

842 1902 940 1972 capnt
958 1904 992 1960 V·

293 2006 412 2064 Censura
430 2007 540 2062 abortus
585 2047 1449 2062 ............
1504 2009 1536 2059 87

294 2094 380 2150 Notae
398 2094 587 2162 praeambulae

840 2215 943 2271 866616
961 2216 986 2272 1.

294 2321 333 2374 De
352 2318 622 2374 excommunicatione
641 2320 714 2373 latae
733 2319 891 2384 sententiae,
911 2336 980 2389 qnae
999 2319 1095 2374 abortu
1113 2319 1262 2374 incurritur
1286 2360 1292 2372 .
1363 2361 1368 2372 .
1444 2361 1449 2372 .
1506 2321 1538 2372 87

294 2407 443 2477 Conceptus
462 2405 571 2462 abortus
590 2445 1451 2462 ............
1506 2405 1539 2458 88

294 2493 434 2550 Obiectum
453 2493 565 2548 abortus
585 2532 1451 2547 ............
1505 2491 1538 2545 89
1569 2525 1570 2540 r

295 2581 473 2636 Procurantes
507 2619 1448 2636 .............
1506 2579 1540 2630 90

295 2665 384 2721 Media
401 2666 512 2721 abortus
530 2669 558 2720 66
577 2665 686 2719 61166666
745 2705 1452 2719 ..........
1507 2666 1539 2718 98

829 2785 933 2840 866616
952 2786 993 2840 ll.

299 2890 337 2943 De
355 2887 558 2959 irregularitate
576 2905 606 2943 er
624 2888 720 2943 abortu
738 2888 900 2943 incurrenda
973 2929 1452 2944 .......
1491 2890 1536 2943 161
