3142 5204
284 326 325 392 42
470 345 680 409 Heeoenreten,
701 343 780 400 Dias.
798 347 833 400 in
853 357 915 400 cca.
930 345 987 400 ult.
1006 349 1100 400 ronst.
1118 343 1223 413 apost.
1241 341 1337 398 Sedis.

282 535 401 601 cunque
417 515 541 582 Ordinis
560 517 728 601 regulares,
752 534 807 580 nec
823 535 881 581 non
898 515 1041 580 mulieres
1056 515 1228 581 saeculares
1243 513 1291 579 rel
1306 507 1546 597 quemcunque

284 620 430 687 Ordinem
453 619 621 702 professas,
643 619 696 703 qui
719 621 766 686 vel
789 639 884 704 quae,
907 620 956 685 vel
976 620 1023 684 nti
1048 618 1250 702 principales,
1274 617 1323 682 vel
1347 618 1396 682 uti
1426 615 1546 681 sociae

282 723 460 790 consciuere
482 723 521 787 ad
542 723 608 794 ,tale
635 723 755 789 lacinus
778 723 1041 790 committendum·
1054 742 1161 806 opem,
1188 721 1350 788 consilium
1373 719 1541 799 favorem,

283 828 436 912 potionem
460 827 509 892 vol
533 825 596 891 alia
618 827 825 910 cuiuscunque
848 827 970 912 generis
990 827 1216 892 medicamenta
1231 825 1364 890 scienter
1379 822 1542 888 dederint

282 951 318 998 ac
340 932 436 998 etism
458 930 617 996 scribendo
640 931 763 998 litteras
785 931 921 1013 privatas
944 931 991 996 vel
1015 930 1146 1014 apochas
1170 929 1218 995 rel
1241 929 1319 994 alias
1344 927 1456 993 vorbis
1479 928 1542 992 aut

284 1036 382 1121 signis
404 1034 538 1101 iuverint
561 1035 616 1098 aut
638 1034 857 1112 consuluerint,
881 1035 963 1100 ultra
986 1033 1181 1118 supradictas
1203 1051 1327 1116 poenas,
1352 1031 1425 1114 ipso
1449 1031 1546 1096 iacto

283 1159 319 1207 ox
343 1157 422 1205 nuno
444 1140 535 1222 prout
553 1157 588 1204 ex
610 1140 686 1205 tunc
708 1139 986 1204 excommunicatos
1005 1138 1226 1204 declaramus«

388 1261 551 1326 Praeterea
574 1259 683 1325 Xistns
706 1259 887 1326 facultatem
915 1260 980 1325 tam
1009 1259 1186 1325 absolvendi
1206 1277 1298 1342 quam
1322 1254 1541 1340 dispensandi

282 1367 358 1432 talis
380 1364 517 1431 oriminis
540 1383 606 1429 reos
630 1365 661 1429 et
683 1364 866 1447 principales
890 1367 921 1429 et
944 1363 1108 1446 complices
1131 1363 1339 1446 cuiuscunque
1360 1361 1490 1426 ordinis
1507 1362 1542 1425 et

283 1468 466 1555 dignitatis,
494 1469 589 1534 etiam
612 1467 756 1535 dubilaeo
779 1470 940 1534 occurrente
965 1470 1011 1534 vel
1036 1467 1107 1532 aliis
1129 1466 1281 1533 concessis
1303 1465 1541 1549 Indulgentiis,

284 1573 345 1640 nisi
368 1573 398 1638 in
429 1572 559 1638 articulo
589 1571 714 1651 mortis,
751 1572 845 1637 etiam
880 1571 991 1657 quoad
1014 1573 1114 1638 forum
1138 1570 1344 1636 conscientiae
1368 1569 1539 1636 Pontifici.

284 1679 422 1744 Romano
442 1676 618 1744 reservavit.

388 1797 555 1882 Gregorius
575 1817 645 1864 vcro
661 1798 752 1881 Papo
771 1799 866 1865 XIV.
885 1795 1103 1864 constitutione
1116 1799 1150 1882 ¹),
1165 1817 1244 1883 quae
1260 1797 1386 1880 incipit:
1417 1795 1540 1861 »Sedes

283 1901 479 1985 apostoliea«
505 1902 588 1966 Xisti
612 1903 648 1968 V.
672 1903 924 1968 constitutionem
948 1903 1121 1970 moderavit
1143 1905 1386 1987 argumentans:
1424 1951 1432 1968 .
1460 1951 1466 1964 .
1495 1952 1503 1966 .
1531 1950 1538 1964 .

286 2005 384 2071 »Cum
407 2007 602 2089 postmodum
625 2007 812 2090 experientia
838 2007 991 2085 docuerit,
1023 2027 1058 2072 ex
1089 2006 1224 2073 remedio
1256 2004 1440 2073 huiusmodi
1474 2025 1539 2070 non

285 2129 363 2187 eam,
387 2128 466 2193 quae
487 2111 677 2193 sperabatur,
697 2111 867 2177 utilitatem
885 2113 917 2176 et
932 2112 1066 2176 fructum
1084 2110 1267 2194 provenisse,
1292 2127 1401 2175 verum
1428 2109 1539 2192 potius

284 2212 393 2279 multis
416 2214 543 2279 satanae
566 2214 687 2280 malitia
713 2215 751 2280 ad
777 2216 965 2298 peccandum
995 2215 1147 2295 inductis,
1181 2213 1366 2291 difficiliori,
1399 2213 1443 2279 ob
1477 2213 1538 2278 soli

174 2331 175 2334 ’
284 2317 357 2383 Sedi
380 2317 574 2399 Apostolioae
598 2321 784 2385 reservatam
810 2319 987 2385 absolvendi
1011 2319 1201 2399 tenultatem,
1225 2317 1347 2384 reddito
1364 2317 1405 2384 ad
1425 2319 1538 2400 poeni-

232 2455 239 2468 ·
285 2421 414 2487 tentiam
446 2421 552 2501 aditu,
585 2442 635 2488 eos
671 2443 689 2487 a
720 2423 847 2488 notariis
881 2423 1056 2488 huiusmodi
1078 2421 1206 2508 flagitiis
1229 2421 1450 2506 perpetrandis
1476 2441 1536 2485 non

285 2523 384 2591 solum
407 2544 467 2591 non
491 2527 668 2604 retraxisse,
703 2527 756 2592 sed
791 2529 884 2592 etiam
915 2527 1118 2611 plurimorum
1149 2527 1382 2609 sacrilegiorum
1407 2525 1537 2610 gravis-

285 2628 492 2711 simorumque
527 2632 721 2712 peecatorum
755 2631 943 2696 occasionem
982 2630 1120 2712 dedisse,
1155 2649 1210 2695 nos
1232 2631 1393 2715 propterea
1420 2629 1536 2694 utilius

285 2732 452 2808 censentes,
476 2732 527 2796 ubi
547 2751 602 2797 neo
625 2732 663 2797 de
686 2733 859 2812 homicidio,
883 2755 940 2800 nee
961 2734 998 2798 de
1019 2734 1157 2800 animato
1172 2734 1255 2800 foetu
1273 2733 1387 2818 agitur,
1415 2752 1537 2816 poenas

285 2854 345 2900 non
358 2835 513 2916 imponere
528 2835 666 2902 duriores
678 2835 726 2915 iis,
742 2858 820 2920 quae
834 2858 885 2921 per
898 2857 1000 2904 sacros
1012 2857 1143 2903 canones
1155 2840 1187 2903 et
1199 2838 1283 2922 leges
1298 2837 1444 2920 profanas
1459 2837 1538 2902 sunt

287 2937 422 3003 indictae
444 2986 475 3006 ..
494 2964 525 3006 ‚a
549 2938 806 3006 constitutionem
825 2941 1012 3025 praedictam
1028 2941 1073 3007 sic
1089 2941 1304 3007 moderandam
1319 2939 1480 3018 duximus,
1499 2945 1538 3006 ut

286 3044 444 3124 apeccato
460 3044 491 3106 ot
504 3045 816 3110 excommunicatione
839 3048 945 3111 contra
967 3065 1111 3129 personas
1130 3044 1173 3110 ibi
1196 3063 1354 3129 expressas
1374 3045 1446 3109 lata
1465 3047 1535 3110 tam

286 3145 385 3230 quoad
398 3165 458 3225 eos,
474 3145 527 3229 qui
544 3147 691 3212 hactenus
707 3148 912 3232 deliquerunt,
928 3169 1019 3232 quarn
1032 3149 1131 3232 quoad
1144 3148 1223 3228 illos,
1238 3149 1292 3232 qui
1304 3149 1374 3230 post
1388 3149 1535 3212 nostram

286 3249 536 3314 constitutionem
560 3250 591 3314 in
616 3250 729 3316 eisdem
751 3253 872 3318 casibus
896 3252 1097 3335 deliquerint,
1121 3251 1253 3336 quilibet
1276 3251 1440 3336 presbyter
1464 3254 1534 3317 tam

286 3352 452 3418 saecularis
475 3373 568 3436 quam
592 3354 726 3421 cuiusvis
750 3356 865 3420 ordinis
889 3357 1040 3440 regularis
1065 3357 1105 3421 ad
1129 3354 1388 3422 christifidelium
1406 3355 1535 3421 confes·

286 3457 386 3522 siones
411 3457 579 3524 audiendas
613 3461 644 3524 et
674 3459 712 3524 ad
748 3459 804 3525 bos
835 3479 925 3525 casus
951 3459 1126 3543 specialiter
1160 3479 1214 3543 per
1243 3459 1302 3525 loci
1325 3458 1535 3525 Ordinarinm

286 3553 453 3643 deputatus
476 3561 597 3644 plenam
622 3565 653 3628 at
676 3562 807 3630 liberam
830 3564 860 3628 ln
886 3565 949 3630 loro
972 3564 1177 3629 conscientiae
1196 3565 1319 3629 tentum
1345 3562 1536 3628 absolvendi

286 3663 399 3729 habeat
422 3665 605 3730 facultatem
629 3667 758 3732 eandem
782 3686 923 3750 prorsus,
953 3687 1045 3751 quam
1069 3668 1150 3734 idam
1174 3667 1285 3733 Xirtns
1309 3666 1536 3751 praedecessor

285 3767 346 3834 sibi
369 3785 405 3832 ac
427 3767 491 3833 suis
513 3772 739 3837 suecessoribus
759 3773 957 3839 reservavit«

394 3897 499 3979 »Quod
523 3918 592 3965 vero
615 3901 653 3966 ad
678 3921 789 3984 poenas
820 3902 1050 3985 procurantium
1080 3902 1223 3968 abortum
1252 3903 1351 3968 foetus
1380 3903 1534 3969 inanimis

287 4002 343 4066 ant
365 4001 573 4068 exhibentium
605 4004 784 4071 mulieribus
814 4006 863 4072 vel
895 4007 1083 4072 sumentium
1113 4025 1230 4072 venena
1262 4007 1441 4072 sterilitatis
1475 4009 1534 4072 ant

287 4123 467 4188 quocunque
492 4107 580 4174 modo
605 4109 752 4174 auxilium
777 4110 824 4176 vel
848 4111 1007 4176 consilium
1038 4111 1082 4176 eis
1104 4109 1263 4188 dantium,
1299 4111 1332 4176 in
1367 4110 1529 4194 praedicte

287 4209 508 4275 coust'tutione
530 4214 710 4293 contentas,
741 4214 991 4280 constitutionem
1015 4214 1205 4298 praefatam,
1229 4215 1260 4279 in
1284 4234 1320 4280 aa
1343 4216 1450 4298 parto,
1477 4215 1531 4279 nbi

288 4311 325 4377 de
349 4312 397 4378 bis
418 4315 501 4398 agit,
534 4314 573 4380 ad
605 4318 753 4382 terminos
779 4316 856 4384 iuris
879 4319 1110 4384 communisse
1133 4333 1290 4384 sacrorum
1314 4317 1476 4384 Ganonum
1499 4321 1534 4383 et

287 4415 418 4483 Concilil
442 4418 614 4484 Tridentini
639 4421 887 4504 dispositionem,
913 4422 1098 4488 auctoritate
1122 4423 1292 4506 apostolica
1313 4423 1419 4488 tenore
1440 4441 1530 4505 praes

394 4662 419 4732 ι)
439 4662 500 4718 aa.
518 4665 561 4720 er.
580 4663 647 4720 nan
665 4665 739 4720 1591.
