3142 5204
280 293 336 373 Ι48
479 319 689 388 Hcdderoreich,
711 319 792 380 Dtos.
808 328 845 379 ira
862 339 923 380 coe.
941 325 997 380 att.
1015 330 1112 380 const.
1133 325 1236 396 Apoat.
1256 319 1350 382 Sedis.

295 496 412 575 verbis,
442 512 513 562 oum
544 493 731 579 coryphaeos
763 495 800 559 ad
825 496 950 561 verbena
974 495 1081 564 alierre
1104 495 1199 562 iuvet.
1245 497 1311 562 Iam
1336 497 1427 580 primi
1450 497 1551 562 chri·

293 601 387 667 atiani
401 600 437 685 ¹),
461 599 587 666 abortus
609 599 853 681 procurationem
876 598 957 665 inter
979 600 1109 665 ammira
1131 601 1306 666 retulerunt
1327 603 1359 667 et
1379 601 1551 685 antiquie·

294 704 365 773 simi
386 702 531 770 ecclesiae
554 705 657 785 patrea
680 702 865 768 christianos
888 704 995 769 contra
1017 721 1167 788 paganos,
1190 703 1242 788 qni
1266 704 1352 783 illos,
1375 706 1458 789 quod
1486 705 1552 770 ho·

294 809 392 874 mines
412 807 619 886 immolarent,
645 807 851 883 accusabant,
871 806 1087 886 defendentes,
1111 808 1328 892 gravissimum
1353 827 1461 874 eornm
1494 809 1552 873 in-

295 913 452 978 nocentiae
481 911 657 976 attnlernnt
688 910 924 992 argumentum,
955 929 1006 976 eos
1029 912 1237 976 voluntarium
1263 913 1406 977 abortum
1429 914 1552 996 ipsum

296 1014 492 1082 homicidium
515 1013 643 1097 ideoque
665 1013 780 1078 crimen
802 1013 928 1078 babere:
956 1014 1034 1096 »Qui
1056 1014 1200 1079 mulieres
1221 1015 1304 1091 illas,
1328 1016 1374 1080 ita
1390 1016 1554 1081 Athena-

294 1138 385 1205 gorae
404 1118 444 1183 ad
466 1117 607 1183 Marcum
629 1115 801 1196 Aurelium,
825 1136 903 1200 quae
926 1116 1158 1183 medicamentis
1174 1119 1212 1182 ad
1229 1119 1371 1184 abortum
1389 1120 1553 1199 utuntur,

295 1222 463 1290 homicidas
486 1238 569 1300 esse,
591 1223 623 1286 et
644 1219 795 1285 rationem
820 1221 912 1286 buius
934 1221 1103 1288 abortionis
1124 1223 1188 1288 Deo
1211 1221 1365 1288 rediturae
1389 1223 1553 1302 dicimuS,

294 1326 446 1412 quomodo
479 1325 634 1390 bominem
674 1324 927 1389 occideremnste
979 1325 1091 1390 Eodem
1126 1343 1218 1392 sensu
1253 1325 1470 1393 Tertullianus
1515 1327 1553 1392 in

296 1431 496 1515 hpologetico
512 1431 544 1494 et
559 1427 714 1493 Minucius
734 1427 820 1492 Felix
838 1428 1004 1510 sumpsero:
1032 1429 1147 1494 »Nouis
1168 1448 1238 1495 varo
1254 1430 1421 1496 homicidio
1438 1433 1554 1498 semel

294 1534 477 1612 interdicto,
508 1533 604 1598 otiam
638 1532 817 1614 conceptum
853 1533 941 1598 utero
972 1531 1139 1599 dissolvere
1167 1553 1226 1598 non
1254 1533 1343 1613 licet,
1371 1534 1550 1600 homicidii

295 1637 453 1704 festinatio
475 1638 540 1712 esu
565 1655 618 1702 nec
634 1635 737 1712 relect,
763 1636 869 1699 natum
887 1635 956 1718 quis
972 1637 1082 1719 eripiat
1098 1655 1136 1700 an
1153 1639 1328 1702 nascentem
1344 1636 1547 1704 disturbet«

399 1740 578 1806 Lactantius
600 1738 657 1805 hoc
677 1739 792 1804 crimen
815 1739 891 1802 dicit
914 1757 979 1805 esso
1002 1741 1049 1806 vol
1074 1741 1238 1806 maximam
1253 1741 1471 1824 impietatem
1502 1745 1549 1809 ad

294 1847 390 1914 vitam
414 1845 496 1911 enim
517 1844 617 1908 Deum
639 1843 787 1925 inspirare
810 1842 940 1922 animas,
968 1863 1028 1910 non
1049 1843 1088 1908 ad
1112 1847 1251 1910 mortam.
1298 1845 1395 1930 Leges
1417 1846 1460 1912 ab
1488 1866 1550 1912 eo-

295 1950 407 2016 clesiae
429 1947 615 2015 auctoritate
639 1947 668 2010 in
691 1946 833 2011 abortum
861 1965 897 2011 or
921 1947 978 2012 bac
1007 1949 1130 2030 patrum
1160 1948 1302 2014 doctrina
1331 1949 1412 2014 latas
1446 1951 1548 2034 eique

295 2055 514 2121 consentaneas
547 2052 610 2116 iam
645 2069 738 2134 supra
771 2051 957 2130 attulimus,
996 2070 1031 2116 en
1068 2052 1179 2136 quibus
1212 2053 1308 2118 etiam
1340 2054 1546 2139 intelligitur

296 2158 436 2223 doctrina
459 2155 552 2221 modii
575 2153 642 2219 aevi
664 2154 702 2218 de
725 2154 783 2219 bae
806 2173 847 2221 re.

399 2260 476 2326 tium
506 2260 598 2324 antea
627 2257 785 2341 theologia
811 2256 935 2322 moralis
962 2259 1127 2323 coniuncta
1156 2277 1227 2323 oum
1250 2259 1320 2324 aliis
1343 2259 1547 2346 Theologiae

294 2365 467 2449 disciplinis
489 2365 571 2429 osset
590 2363 622 2427 et
644 2362 849 2440 tractaretur,
884 2381 955 2426 oum
986 2362 1049 2426 illis
1079 2361 1147 2428 ideo
1170 2364 1309 2445 quaestio
1333 2365 1409 2430 baec
1433 2365 1546 2432 obiter

295 2468 581 2553 perstringebatur3
615 2484 650 2530 en
673 2483 732 2548 quo
767 2465 924 2549 theologia
958 2466 1083 2532 moralis
1115 2470 1260 2550 separata
1283 2468 1401 2533 exarari
1425 2473 1544 2552 coepta

295 2574 372 2652 erat,
395 2571 564 2655 expressius
582 2569 858 2652 persolvebatur).

396 2675 536 2742 Suoehea
567 2672 722 2756 (†1625)
753 2673 799 2736 ita
829 2672 973 2738 enunciat
987 2675 1013 2755 ³)
1048 2672 1146 2738 »Sunt
1177 2673 1347 2740 medicinae
1378 2677 1543 2759 quaedam

296 2779 411 2844 directe
435 2778 475 2844 ad
497 2777 597 2843 foetus
618 2776 800 2842 occisionem
814 2776 985 2855 tendentes,
1009 2777 1044 2840 ut
1060 2795 1221 2856 venenum,
1245 2778 1439 2858 dilaceratio,
1464 2801 1545 2864 per-

295 2883 409 2959 cussio;
436 2881 515 2948 aliae
544 2882 648 2944 autem
669 2898 723 2964 per
745 2898 777 2944 se
799 2883 831 2946 et
853 2879 969 2946 directe
992 2879 1030 2946 ad
1051 2882 1172 2946 morbos
1196 2900 1365 2966 pravosque
1387 2884 1544 2951 humores

295 2985 487 3070 expellendos
509 2983 732 3069 pristinamque
747 2984 880 3049 salntem
895 2983 1121 3050 restituendam
1136 2984 1307 3065 ordinatae,
1331 2988 1368 3052 nt
1385 3006 1543 3053 renerum

294 3088 407 3174 ruptio,
431 3088 551 3154 balnea.
597 3087 710 3153 Prioris
733 3105 806 3172 ergo
829 3085 950 3172 generis
969 3087 1139 3154 medicinas
1160 3107 1298 3168 sumere,
1331 3090 1417 3156 naias
1449 3094 1542 3176 capi-

295 3193 358 3258 tale
382 3195 446 3272 ost,
477 3192 550 3276 quia
571 3193 772 3274 cooperantur
795 3191 911 3256 directa
936 3191 1108 3256 innocentis
1129 3193 1216 3272 neci,
1250 3193 1330 3277 quod
1362 3194 1540 3261 intrinseco

296 3297 412 3362 malum
433 3299 491 3363 ost.
546 3295 726 3361 Posterioris
750 3295 854 3359 autem
879 3294 1038 3361 medicinis
1060 3296 1107 3360 uti
1131 3295 1254 3361 licitum
1277 3300 1324 3362 est
1347 3302 1540 3382 praegnanti

294 3400 388 3466 etiam
412 3419 482 3466 cum
504 3399 656 3483 probabili
676 3398 802 3464 abortus
824 3399 976 3482 periculo,
1011 3399 1064 3464 ubi
1096 3400 1218 3466 omnino
1241 3400 1281 3466 ad
1305 3401 1371 3466 eius
1394 3401 1537 3468 salntem

294 3505 516 3570 desideratur«

396 3608 513 3690 Sporcr
535 3609 571 3691 (†
596 3607 711 3689 1714),
746 3607 799 3691 qni
821 3607 853 3671 et
875 3605 940 3689 ipso
963 3606 1085 3672 saeculo
1108 3606 1379 3692 septimodecimo
1402 3607 1539 3692 rigebat

292 3713 339 3779 ita
354 3711 502 3795 solvit⁴):
530 3709 619 3776 »Sine
635 3710 728 3775 dubio
743 3711 907 3776 intrinsece
924 3710 1040 3775 malum
1058 3712 1090 3775 at
1108 3712 1237 3776 mortale
1253 3714 1310 3789 est,
1329 3711 1444 3778 directe
1462 3733 1538 3796 pro·

294 3835 401 3881 curare
424 3816 565 3880 abortum
588 3814 689 3879 foetus
711 3814 860 3891 animati;
892 3817 939 3878 est
966 3815 1047 3879 onim
1070 3833 1176 3880 vorum
1201 3815 1401 3882 homicidium
1428 3867 1434 3881 .
1460 3866 1468 3881 .
1493 3868 1502 3881 .
1530 3872 1537 3884 .

293 3919 508 3985 (tortissimum
543 3935 661 4002 qnoque
696 3917 778 4001 apud
808 3935 914 3983 omnes
941 3917 974 3981 id
1005 3917 1088 3982 nullo
1111 3935 1244 4001 unquam
1269 3935 1343 3984 casu
1363 3921 1412 3984 vel
1436 3937 1537 3986 causa

293 4021 395 4102 licere,
418 4022 482 4088 sive
504 4023 623 4088 constet
646 4021 708 4086 ium
732 4021 903 4086 animatum
926 4038 992 4086 esse
1015 4019 1132 4086 foetum
1155 4022 1219 4086 siro
1241 4021 1411 4102 dubitetur,
1436 4042 1478 4088 an
1496 4025 1536 4088 de

291 4128 374 4192 laeto
396 4127 438 4191 sit
459 4126 631 4203 animatus;
666 4125 730 4192 sivo
759 4123 868 4190 deindo
902 4125 1028 4190 abortus
1062 4124 1248 4191 intendatur
1278 4128 1401 4209 proptor
1435 4146 1468 4192 se
1498 4131 1537 4192 ut

398 4315 424 4385 l)
443 4317 475 4370 A.
495 4317 537 4382 la,
556 4313 574 4368 l.
593 4332 615 4370 c.
634 4332 696 4386 pag.
714 4315 763 4371 211
784 4331 859 4386 seqq.

394 4401 421 4470 2)
440 4401 498 4468 Qua
516 4401 545 4456 in
563 4419 592 4457 re
609 4419 663 4458 non
682 4401 831 4456 mirandum
850 4402 921 4472 quod
939 4402 1077 4460 distinctio
1100 4404 1172 4458 inter
1195 4403 1297 4459 loetum
1323 4404 1475 4459 animatum
1506 4407 1534 4458 ot

293 4503 345 4542 non
364 4487 512 4543 animatum
529 4488 690 4544 solutionem
707 4489 806 4557 partim
824 4488 920 4544 ramat.

396 4574 424 4642 3)
442 4572 475 4628 de
494 4578 572 4630 matr.
593 4573 639 4629 lib.
656 4573 705 4630 IX.
725 4573 794 4644 disp.
813 4575 854 4630 20.
873 4592 899 4630 n.
921 4575 963 4630 ll.

396 4659 424 4730 4)
442 4656 535 4716 'dhoet
554 4661 669 4717 Senam
687 4677 714 4732 p.
730 4663 755 4718 4.
775 4677 797 4717 c.
816 4660 863 4718 IV.
883 4677 910 4716 n.
930 4660 989 4716 710.
