3142 5204
264 293 349 352 Haeo
368 296 513 350 doctrino
531 297 576 349 ccl
594 299 771 350 consonasse
789 295 888 351 sacris
908 297 1106 364 arripatorio.
1268 280 1310 344 23

54 465 237 548 opinionem
263 469 421 550 tamquam
443 465 526 530 omni
547 465 725 530 rationabili
748 466 948 532 laudamento
971 468 1155 544 destitutam
1184 469 1311 553 reliquit

55 591 192 654 eamque
216 572 377 656 Debreyno
401 569 539 636 nominat
562 571 728 635 absurdam
752 571 783 635 ot
809 569 973 637 ridiculam
986 571 1040 658 1).‹

165 675 264 742 Saura
289 693 363 760 ergo
385 673 539 758 scriptura
562 668 627 740 uon'
653 675 701 739 est
732 673 886 740 contraria
918 676 1094 756 doctrinae,
1124 695 1202 761 quae
1225 679 1312 744 tenet

56 780 286 846 animationem
312 781 378 846 lieri
402 781 435 844 in
458 779 556 862 primo
577 780 742 862 conceptus
764 778 915 857 instanti;
945 780 1019 864 quin
1048 781 1143 846 etiarn
1174 782 1312 848 insinuat

17 911 18 970 3
56 903 136 949 eam.
188 885 319 950 Praetor
342 883 443 949 locum
467 882 556 948 modo
579 882 710 948 citatum
734 883 813 966 apud
837 884 938 968 Jobl)
968 885 1087 968 legitur
1116 887 1164 951 Ps.
1189 887 1249 964 50,
1274 889 1310 953 7:

59 1009 152 1054 ‚ecce
179 989 210 1053 in
232 989 451 1073 iniquitatibus
474 989 639 1071 conceptus
663 1007 730 1052 sum
746 991 777 1053 et
794 988 824 1052 in
842 987 977 1070 peccatis
993 991 1132 1072 concepit
1145 1010 1195 1055 me
1210 992 1311 1057 motor

56 1114 158 1160 mea«
196 1095 282 1158 Num
303 1093 348 1159 ris
372 1095 427 1159 hoc
450 1091 625 1176 intelligere
642 1090 679 1156 de
696 1091 778 1156 foetu
795 1092 898 1156 omnia
915 1093 1061 1158 rationali
1078 1114 1136 1159 non
1152 1095 1312 1162 animato?

56 1199 86 1264 Si
113 1199 353 1284 aliquantulum
376 1199 443 1281 post
466 1196 725 1262 cohabitationem
750 1198 782 1260 et
802 1198 1047 1279 penetrationem
1071 1199 1197 1264 seminis
1211 1200 1310 1264 virilis

56 1305 84 1368 in
112 1324 212 1370 ovum
239 1302 387 1369 muliebre
403 1300 560 1384 conceptio
575 1300 745 1384 personalis
761 1300 858 1380 fieret,
877 1319 936 1366 non
951 1301 1121 1369 diceretur:
1145 1306 1311 1388 conceptus

57 1429 128 1473 snm
156 1408 191 1472 in
215 1407 443 1490 iniquitatibus.
467 1406 510 1471 Il.
526 1406 602 1489 Reg.
621 1405 671 1483 ll,
690 1406 708 1472 5
733 1405 881 1472 refertur:
912 1408 944 1472 et
964 1425 1086 1473 reuersa
1108 1408 1311 1491 (Bethsabee)

57 1517 105 1578 est
131 1515 166 1577 in
193 1513 319 1577 domurn
344 1531 430 1576 suam
456 1512 601 1592 concepto
632 1509 716 1574 foetu
748 1510 936 1594 mittensque
966 1512 1122 1577 nuntiarit
1152 1513 1254 1578 David
1280 1515 1312 1578 et

57 1619 122 1682 ait:
160 1615 307 1700 Concepi.
344 1616 379 1680 P.
413 1615 538 1682 Hieron.
578 1613 804 1694 Florentinius,
837 1615 890 1680 ubi
924 1615 962 1680 de
997 1617 1055 1682 hoc
1086 1615 1152 1682 loco
1182 1618 1309 1698 tractat,

57 1721 212 1800 ostendit,
244 1721 360 1786 loetum
388 1719 419 1784 in
443 1719 539 1786 sacris
563 1717 677 1784 litteris
708 1719 778 1801 poni
802 1719 922 1784 nonnisi
946 1738 999 1803 pro
1021 1721 1105 1786 foetu
1128 1721 1310 1806 animator).

172 1825 313 1910 Angelus
336 1823 451 1891 domini
475 1823 663 1889 annuntians
694 1821 853 1889 Genetrioi
885 1823 1004 1890 Mariae
1033 1825 1124 1892 illum
1155 1826 1310 1905 nuntium,

58 1952 152 2015 quem
177 1930 416 2014 expectaverunt
438 1927 555 1994 iamdiu
573 1928 606 1993 et
624 1926 737 1993 Judaei
761 1929 793 1992 et
815 1929 933 2011 gentes,
958 1929 1088 2016 cirico:

175 2036 275 2100 »Ecce
299 2032 450 2116 concipies
472 2032 504 2096 in
526 2032 615 2096 utero
638 2033 670 2096 et
693 2031 792 2114 paries
802 2032 870 2117 1)«;
895 2051 1000 2098 omnes
1023 2033 1162 2100 doctores
1184 2053 1311 2102 consen·

60 2141 169 2205 tinnt:
193 2137 272 2205 Cum
294 2137 377 2202 filius
399 2137 458 2202 Dei
481 2137 646 2219 conceptus
669 2135 763 2200 luerit
784 2135 821 2202 de
846 2135 957 2220 spiritu
982 2140 1099 2216 saneto,
1123 2138 1169 2204 ita
1193 2141 1229 2204 ut
1246 2157 1311 2204 uor-

61 2265 116 2326 pns
143 2241 305 2308 mediante
325 2240 427 2306 anima
451 2237 669 2322 assumpserit,
701 2258 810 2322 corpus
838 2240 904 2305 eius
930 2241 962 2304 in
985 2240 1119 2308 instanti
1141 2262 1215 2309 suae
1239 2261 1309 2308 oon·

61 2347 218 2432 captionis
241 2347 412 2410 animatum
435 2345 528 2409 fuisse
553 2344 656 2409 anima
679 2343 823 2408 rationali
833 2343 870 2428 6).
925 2344 991 2410 ursi
1012 2347 1170 2430 conceptio
1194 2347 1311 2414 Christi

61 2457 129 2519 erat
166 2449 401 2532 miraculosal),
435 2449 636 2515 hortantum
668 2447 782 2514 attinet
811 2449 850 2513 ad
873 2449 1059 2532 principium
1082 2452 1217 2517 activum
1240 2471 1311 2518 con-

61 2557 233 2642 ceptionis:
260 2555 378 2619 »virtus
400 2553 562 2619 hbtissimi
585 2553 784 2618 obumbrabit
807 2555 929 2639 tibia«
963 2574 1020 2621 non
1044 2556 1149 2620 autem
1174 2554 1213 2618 ad
1236 2573 1309 2619 oon·

62 2662 216 2746 ruptionis
246 2658 428 2743 principium
463 2659 617 2741 passivum
651 2677 748 2741 neque
783 2659 998 2726 formationem
1029 2657 1164 2744 corporis
1194 2657 1311 2723 Christi

61 2765 217 2848 conc-epti,
240 2783 335 2846 uitare
358 2763 469 2828 festum
492 2761 747 2826 Annuntiationis
773 2761 805 2830 B.
824 2763 865 2827 hd.
884 2763 920 2830 V.
938 2762 1046 2849 (etiam
1062 2763 1083 2828 f.
1103 2765 1311 2846 conceptionis

62 2871 206 2953 passivae
238 2867 371 2949 Christi)
395 2867 575 2938 celebratur
604 2867 655 2932 25.
690 2866 739 2932 die
768 2867 875 2932 Martii
903 2870 935 2933 et
964 2868 985 2933 f.
1008 2868 1114 2952 partus
1139 2867 1255 2934 Christi
1280 2867 1309 2934 d.

64 2977 113 3040 25.
142 2971 349 3055 Decemblll.

167 3075 231 3143 Sed
253 3076 296 3141 sit
318 3075 355 3140 de
380 3075 436 3140 hoc
460 3075 608 3160 mysterio
624 3094 683 3140 non
700 3075 780 3139 sumi
797 3093 885 3157 posse
901 3077 1121 3158 argumentum
1137 3095 1191 3159 pro
1206 3075 1312 3139 nostra

61 3180 237 3260 sententia,
257 3180 362 3245 tamon
386 3198 491 3257 nemo,
516 3180 632 3264 opinor,
655 3179 802 3262 negabit,
826 3179 856 3243 id
881 3197 1008 3244 manare
1031 3198 1067 3244 ex
1091 3179 1162 3246 Luc.
1186 3181 1223 3259 1,
1248 3179 1309 3248 36:

64 3288 100 3350 llt
126 3305 203 3350 ecoe
225 3283 403 3364 Elisabeth,
434 3287 567 3367 cognata
590 3285 660 3360 tua,
692 3284 723 3348 et
747 3281 812 3366 ipsa
834 3281 974 3364 concepit
999 3281 1161 3367 filinm10).
1207 3285 1308 3350 Elisa·

63 3391 135 3454 beth
167 3387 250 3453 enim
284 3389 315 3452 in
346 3387 491 3466 instanti,
525 3405 585 3472 quo
615 3389 771 3470 concepit,
808 3406 865 3453 non
889 3405 1024 3454 massam
1049 3386 1203 3454 carnalem
1228 3409 1255 3456 r.
1278 3408 1309 3473 g.

167 3595 197 3668 1)
214 3597 291 3651 Essai
310 3614 357 3652 sur
374 3597 400 3652 la
419 3597 538 3665 theolog.
554 3598 655 3651 morale
672 3596 825 3652 considendo
843 3596 910 3652 dans
929 3613 971 3653 ses
987 3597 1111 3667 rapports
1123 3611 1188 3651 arec
1198 3595 1227 3651 la
1239 3596 1306 3666 phy·

63 3685 180 3756 riologie
200 3687 228 3739 et
245 3683 381 3739 medicine.
417 3681 590 3740 Pantolabo.

170 3771 201 3840 2)
218 3769 270 3826 Job
287 3771 313 3835 3,
331 3771 357 3826 3.

169 3857 199 3924 3)
217 3857 237 3913 l.
254 3873 276 3911 o.
294 3875 356 3928 pag.
374 3859 417 3913 55.

170 3943 201 4012 4)
219 3942 283 3999 Luc.
302 3945 326 4008 1,
344 3944 386 3999 31.

167 4030 201 4097 5)
218 4030 251 4083 ci.
268 4030 305 4085 Is.
325 4031 348 4091 7,
369 4031 409 4085 14.
430 4047 487 4086 ecce
506 4033 583 4103 virgo
601 4032 734 4102 concipiet
753 4036 782 4087 et
799 4031 887 4101 pariet
906 4031 1000 4086 filium.

169 4116 198 4183 6)
216 4115 311 4172 'l'hom
329 4116 378 4172 111.
398 4134 423 4187 q.
442 4119 484 4172 33.
503 4137 519 4174 a
536 4120 561 4175 2.
580 4121 608 4174 ot
625 4136 650 4189 q.
668 4121 693 4175 6.
712 4137 728 4174 a
747 4119 764 4172 2
784 4119 811 4172 et
827 4119 852 4173 3.

169 4202 199 4270 1)
217 4203 336 4258 Thomas
353 4204 405 4260 111.
425 4221 451 4275 q.
468 4205 511 4262 33.
528 4225 544 4262 a
561 4207 586 4262 4.

170 4291 200 4358 8)
219 4290 282 4346 Luc.
297 4292 321 4355 l,
336 4292 378 4346 35.

169 4376 199 4446 9)
216 4377 250 4432 of.
267 4375 366 4430 festum
383 4376 564 4446 conceptionis
583 4377 693 4430 Immao.
712 4374 743 4430 B.
755 4375 791 4428 Μ.
805 4374 835 4428 V.
854 4375 878 4428 8.
896 4375 957 4429 Dee.
976 4373 1085 4443 eiusque
1100 4373 1198 4428 festum
1217 4371 1311 4437 partus

69 4467 89 4518 8.
107 4465 199 4535 Sept.;
218 4464 254 4520 ci.
275 4465 309 4518 Α.
327 4464 368 4527 Ε,
387 4463 406 4518 1.
425 4479 447 4517 c.
466 4479 527 4532 pag.
549 4463 607 4517 197.

151 4549 196 4618 10)
213 4547 294 4604 Unde
313 4548 396 4604 etiam
414 4547 536 4603 concludi
557 4549 642 4616 possit
660 4547 731 4616 apud
751 4547 811 4600 buc.
834 4548 856 4611 l,
877 4547 919 4611 31,
938 4549 966 4601 et
985 4543 1308 4611 oenanthinum

69 4639 199 4693 obiectum
219 4635 296 4692 verbi
315 4640 343 4690 ct
359 4635 499 4704 concipere
517 4639 544 4690 et
564 4651 667 4704 parere.

1544 3443 1554 3502 1
