3142 5204
298 323 433 384 Abortae
451 325 646 382 libidinosus.
681 325 780 384 Nolae
796 327 1031 396 praeambulae.
1240 315 1282 382 ll

32 504 199 590 fulgentes,
225 499 283 582 qni
298 497 338 562 de
355 497 476 562 caetero
496 515 549 578 per
571 515 604 561 se
625 498 681 562 aut
703 497 900 579 interpositos
922 515 1067 581 personas
1087 501 1215 569 ebertus
1230 521 1285 569 eea

32 611 122 674 loetus
135 601 315 670 immaturi
327 603 395 666 tem
407 600 535 666 animodi
548 618 640 682 quam
654 600 749 664 etiarn
761 601 935 680 inanimati,
949 602 1073 668 tormsti
1083 605 1132 670 rel
1143 605 1284 672 informis

32 711 217 780 eiectionem
232 704 467 790 procuraverint
478 703 732 786 percussionibus,
746 704 879 784 venenis,
893 706 1137 786 medicamentis,
1152 710 1284 791 potioni·

32 819 84 893 bns,
108 811 276 880 oneribus
291 807 509 890 laboribusque
525 807 645 872 mulieri
663 808 846 890 praegnanti
860 807 1014 892 impositis
1029 813 1086 876 aut
1101 812 1173 878 aliis
1187 813 1283 880 ethni

31 915 200 1002 incognitis
228 913 281 978 vel
305 909 437 976 manne
457 909 615 993 exquisitis
635 909 814 988 rationibus,
833 913 879 978 itu
903 914 939 977 ut
954 914 1055 996 reipsa
1070 915 1197 982 abortus
1212 917 1292 988 inde.

31 1025 149 1089 santus
173 1017 298 1094 tuerit,
331 1034 368 1082 ac
392 1014 485 1080 etiam
509 1016 714 1096 praegnantes
737 1014 822 1098 ipsas
844 1016 1005 1096 mulieres,
1039 1037 1118 1102 quae
1149 1020 1284 1088 scienter

31 1124 203 1211 praemissa
230 1123 380 1202 fecerint,
409 1140 522 1205 poenes
544 1121 609 1187 tam
633 1120 737 1187 divino
760 1141 852 1206 quum
876 1123 1011 1190 hnmano
1033 1123 1117 1202 inre,
1138 1126 1206 1190 tum
1230 1145 1284 1208 per

30 1231 197 1300 canonicas
233 1226 412 1294 sanctiones
440 1227 472 1290 et
501 1224 684 1308 apostolicas
707 1226 943 1292 constitutiones
964 1246 1057 1312 qnam
1081 1228 1185 1295 civilia
1213 1228 1284 1294 iura

30 1338 178 1402 adversas
207 1350 300 1398 veros
323 1329 504 1408 homicides,
527 1328 580 1414 qui
603 1328 803 1394 homicidium
820 1330 1029 1398 voluntarium
1045 1333 1117 1398 actu
1135 1334 1167 1397 et
1181 1331 1283 1416 reipsa

30 1438 231 1525 patraverint
255 1439 401 1518 (quornm
425 1431 561 1499 omnium
584 1434 703 1498 tenores
727 1432 775 1498 bis
798 1434 911 1499 nostris
933 1433 1047 1500 litteris
1063 1453 1117 1517 pro
1133 1434 1283 1520 expressis

30 1549 53 1611 rt
73 1545 115 1610 ad
143 1541 287 1608 verbnm
310 1537 435 1602 insertis
458 1536 621 1622 habemus)
651 1553 685 1602 eo
708 1536 773 1620 ipso
795 1536 966 1615 incurrere,
999 1538 1059 1602 hac
1081 1540 1187 1604 nostra
1214 1559 1283 1622 per·

30 1651 114 1733 petuo
143 1645 294 1712 valitura
315 1639 534 1707 constitutione
556 1639 724 1706 statuimus
739 1641 771 1706 et
786 1640 973 1719 ordinamus,
995 1641 1136 1726 ipsasque
1159 1660 1283 1726 poenas,

31 1755 105 1838 leges
133 1752 171 1816 et
196 1745 440 1814 constitutiones
465 1743 503 1809 ad
529 1762 618 1808 casus
644 1743 797 1826 praelatos
821 1744 1020 1811 extendimus.

133 1855 203 1919 Eos
228 1868 312 1926 vero,
337 1847 391 1931 qui
417 1846 521 1912 cleriei
544 1847 675 1926 inerim,
708 1847 790 1912 omni
812 1847 975 1932 privilegio
997 1849 1142 1928 clericali,
1163 1849 1283 1928 officiis,

31 1957 248 2043 dignitatibus
272 1955 304 2019 et
328 1949 483 2016 beneficiis
505 1950 738 2028 ecclesiasticis,
768 1970 846 2034 quae
870 1951 915 2017 sic
938 1954 1086 2019 vacatura
1108 1955 1229 2022 nostras
1252 1956 1284 2020 et

30 2065 111 2130 Sedis
139 2055 348 2144 Apostolieae
372 2051 562 2137 dispositioni
585 2056 730 2137 perpetuo
754 2074 963 2134 reservamur,
986 2057 1052 2139 ipso
1075 2057 1158 2123 iacto
1181 2057 1282 2144 priva·

31 2188 105 2247 nus,
130 2167 168 2230 et
193 2163 229 2225 in
251 2159 392 2224 futurum
415 2157 568 2224 inhabiles
590 2158 629 2223 ad
654 2177 690 2224 ea
711 2159 907 2242 suscipiende
930 2160 1132 2240 decernimus,
1156 2161 1232 2230 adeo
1247 2163 1283 2228 ut

31 2273 90 2348 illi,
115 2267 177 2352 qui
199 2263 262 2330 hoc
285 2261 434 2328 delictum
459 2261 684 2342 commiserint,
710 2283 768 2328 nou
792 2266 995 2347 accusatque
1018 2264 1059 2341 ii,
1082 2265 1134 2350 qui
1155 2285 1212 2332 sue
1231 2285 1284 2331 vo·

32 2375 155 2440 luntate
171 2367 381 2436 homicidium
401 2367 652 2449 perpetraverint,
676 2367 761 2433 iuste
778 2367 906 2434 Consilii
923 2368 1095 2434 Tridentini
1111 2369 1235 2434 decreta
1246 2368 1280 2453 ¹),

31 2473 156 2542 etiamsi
184 2473 305 2537 crimen
328 2470 359 2536 id
382 2490 437 2534 nec
460 2469 564 2535 ordine
595 2470 777 2538 iudicatorio
801 2474 963 2554 probatum
994 2492 1054 2564 nec¹
1073 2463 1136 2539 alia
1163 2473 1282 2539 ratione
1335 2457 1341 2468 ¹

0 2583 1 2594 ’
33 2579 215 2664 publicum,
238 2575 292 2641 sed
316 2574 470 2640 occultum
501 2574 611 2652 fuerit,
645 2575 682 2640 ed
714 2595 814 2642 sacros
837 2576 957 2641 ordines
980 2576 1149 2660 promoveri
1173 2579 1227 2642 aut
1250 2577 1287 2642 in'

33 2682 191 2767 susceptis
221 2677 381 2745 ordinibus
411 2676 586 2743 ministrare
612 2679 697 2746 nullo
725 2680 814 2746 modo
834 2679 972 2762 possint,
1003 2699 1057 2746 neo
1086 2680 1150 2746 illis
1178 2680 1282 2764 aliqua

31 2783 252 2854 ecclesiastica
273 2782 438 2860 beneficia,
468 2781 588 2848 etiamsi
613 2801 719 2848 euram
743 2802 804 2848 non
825 2783 961 2850 habeant
984 2785 1176 2864 animarum,
1209 2803 1281 2851 con·

31 2892 100 2958 ferri
125 2889 239 2966 liceat,
264 2885 318 2951 sed
341 2884 423 2953 omni
443 2886 548 2951 ordine
570 2905 605 2952 ec
630 2887 830 2952 beneficiost
853 2887 953 2952 olficio
977 2890 1125 2972 perpetuo
1145 2889 1280 2955 careant.

137 2993 210 3060 Nec
233 3009 293 3055 nou
317 2991 349 3054 ct
369 2987 450 3069 illos,
473 2991 525 3076 qui
548 2989 651 3056 cleriei
676 3010 731 3056 non
754 2990 871 3057 luerint
885 2994 918 3057 et
932 2992 1010 3057 talia
1026 2992 1280 3077 perpetraverint,

31 3123 86 3168 non
111 3098 247 3164 tantum
271 3113 384 3177 poenas
407 3093 562 3158 incurrere
584 3113 677 3178 snpra
700 3096 850 3174 narratas,
874 3097 927 3160 ssd
952 3094 1047 3161 etism
1070 3095 1224 3162 inhabiles
1242 3095 1281 3160 ad

31 3205 155 3270 urdines
180 3201 215 3265 et
238 3197 302 3262 alia
326 3197 483 3280 praedicte
506 3198 697 3264 decernimus
719 3199 751 3264 et
770 3199 971 3266 declaremus.
1013 3199 1176 3279 Veientes,
1201 3199 1281 3284 quod

31 3309 75 3386 bi,
102 3303 162 3390 qui
189 3303 257 3368 loro
280 3301 488 3367 ecclesiastico
509 3302 658 3382 subiecti,
681 3304 717 3367 nt
739 3302 920 3386 praefertur,
945 3304 1110 3388 deliquisse
1134 3305 1282 3389 comperti

31 3411 171 3488 inerint,
207 3426 261 3490 per
290 3405 424 3470 iudicem
447 3404 690 3472 ecclesiasticum
711 3407 841 3490 depositi
863 3409 894 3474 et
917 3407 1094 3492 degradati,
1125 3408 1228 3474 eunuc
1251 3406 1282 3472 et

33 3511 187 3598 potestati
213 3508 368 3576 saeculari
389 3507 569 3587 tradantur,
596 3529 674 3593 quae
709 3510 746 3576 de
780 3511 824 3578 eis
852 3511 931 3577 illud
961 3512 1066 3596 capiat
1087 3513 1281 3598 supplicium,

32 3621 111 3704 quod
139 3617 253 3684 eontra
277 3612 370 3680 laicos
392 3631 461 3678 vere
486 3612 656 3679 homicidas
677 3633 730 3697 per
753 3615 873 3682 divinus
903 3616 988 3701 leges
1015 3635 1051 3681 ao
1081 3617 1185 3682 civilia
1216 3615 1283 3682 iura

32 3729 75 3790 est
99 3719 325 3804 dispositum.
351 3769 358 3784 .
384 3769 391 3785 .

141 3825 285 3905 Insuper,
308 3821 344 3884 ut
366 3819 583 3886 immanissimi
607 3820 699 3886 buius
722 3821 828 3888 delicti
845 3823 993 3906 gravitati
1011 3842 1069 3888 nou
1087 3825 1186 3890 solum
1202 3828 1282 3889 tem-

1 3929 2 3938 ’
34 3929 196 4010 penalibus
215 3943 321 3990 verum
346 3921 439 3989 etiarn
464 3923 679 4007 spiritualibus
714 3925 817 4008 poenis
853 3925 1075 4008 prospiciemus
1110 3945 1147 3994 ao
1181 3927 1282 4010 provi-

34 4035 182 4108 deamus,
207 4045 314 4094 omnes
337 4026 369 4092 et
390 4025 538 4112 singulos,
562 4027 769 4109 cuiuscunque
792 4027 908 4102 status,
930 4027 1062 4110 gradus,
1087 4029 1212 4095 Ordinis
1233 4029 1282 4097 vel

35 4134 226 4204 conditionis
250 4130 426 4210 existentes,
450 4133 516 4196 tarn
539 4131 633 4198 laicos
659 4150 751 4216 quam
770 4131 905 4207 clericos,
929 4131 1103 4197 saeculares
1123 4135 1155 4198 et
1178 4134 1281 4198 ouius·

141 4327 169 4394 1)
190 4324 263 4378 Sese.
279 4321 353 4377 xlv.
374 4321 514 4378 delictor.
532 4339 572 4392 up.
591 4325 621 4378 l:
647 4323 698 4392 Qui
724 4339 772 4378 sua
794 4323 933 4378 voluntate
951 4321 1124 4379 homicidium
1142 4327 1282 4394 perpetre-

38 4414 117 4476 rsrit,
141 4408 255 4468 etiamsi
273 4407 374 4464 cumen
393 4409 527 4466 occultum
546 4410 646 4476 luent,
672 4409 747 4466 nullo
764 4411 885 4479 ternpore
899 4409 934 4464 nd
951 4426 1038 4468 moros
1055 4409 1162 4468 ordines
1178 4427 1281 4480 promo·

36 4503 89 4556 reri
107 4497 215 4569 possit,
242 4494 351 4550 necilli
369 4496 657 4565 aliquaecolesiastica
675 4495 815 4562 beneficia,
842 4493 949 4552 etiamsi
974 4513 1065 4553 curam
1089 4513 1143 4553 non
1162 4497 1282 4555 habeant

40 4587 208 4648 ammarum,
234 4581 353 4638 conferre
370 4581 469 4646 liceat,
488 4583 534 4638 sed
555 4584 628 4638 omni
648 4581 740 4638 ordine
758 4599 789 4639 sc
806 4581 935 4641 beneflcio
955 4588 983 4642 et
1000 4584 1088 4642 officio
1106 4585 1284 4643 emlmisstico

37 4675 168 4744 perpetua
186 4671 299 4738 certost,¹
