3142 5204
305 309 345 378 58
489 327 704 394 actaeae-eam
722 329 801 384 Dias.
818 332 854 384 ta
872 343 934 385 aaa
950 330 1006 384 alt.
1024 333 1120 410 ponat.
1143 329 1245 399 Apost.
1266 326 1360 384 Sedis.

305 522 338 567 oe
362 501 497 585 principe
520 500 558 566 de
579 501 609 566 la
631 501 797 584 legitimae
818 503 855 566 de
872 501 1077 578 l'eehaulaud,
1103 519 1237 584 pouvons
1253 521 1327 566 nous
1343 521 1380 566 en
1403 502 1563 566 concluro

303 623 376 669 avae
407 607 455 670 M.
489 605 652 684 (leaenas,
684 626 742 688 qua
776 605 1021 692 l’embryotomio
1052 607 1099 671 est
1134 625 1173 669 un
1207 607 1341 671 meurtre
1376 606 1563 671 d’autoritd

303 708 468 792 publiquo,
491 709 613 774 decrero
637 729 691 793 par
711 729 751 775 un
775 709 913 774 tribunal
936 711 1022 775 saort
1046 729 1104 793 que
1128 712 1304 790 oomposent
1327 711 1371 774 los
1395 709 1563 775 modieins

303 812 432 878 delairds
454 813 485 876 et
509 831 568 878 uno
592 812 709 878 famillo
732 814 868 897 dplorea,
900 813 974 878 dont
1004 813 1048 879 los
1072 814 1139 896 plus
1163 813 1270 878 chores
1295 814 1456 878 affections
1481 816 1563 878 sont

303 935 341 982 en
362 916 477 999 litigo?
522 916 563 984 Ga
587 917 743 994 tribunal,
776 918 827 999 qui
858 917 925 980 n'eu
946 920 993 982 est
1017 937 1071 1001 pas
1095 937 1154 994 un,
1186 919 1234 983 est
1267 917 1486 1000 incompstont
1530 919 1563 984 el

302 1020 469 1086 roousabla.
513 1021 589 1104 lugo
613 1025 645 1084 at
668 1021 776 1104 partie,
801 1022 823 1084 il
849 1023 926 1086 u’est
947 1041 1001 1106 pas
1024 1021 1245 1086 destruerent«
1271 1072 1328 1088 ...
1353 1022 1399 1086 En
1417 1023 1563 1104 pareille

304 1125 452 1202 moliare,
481 1125 527 1188 dit
557 1126 605 1191 M.
629 1125 769 1192 Dabor's:
797 1126 845 1189 »la
870 1125 936 1190 vois
959 1125 1000 1190 du
1023 1125 1207 1203 sentiment,
1231 1126 1364 1209 quelque
1389 1126 1563 1209 speeieuss

304 1229 415 1312 qu'ello
437 1229 506 1306 soit,
532 1247 568 1293 no
588 1231 660 1312 peut
684 1229 768 1293 aroir
792 1229 829 1294 do
852 1231 955 1313 parols
978 1230 1120 1296 decisivo.
1168 1230 1214 1294 Un
1237 1229 1374 1294 tribunal
1401 1250 1438 1294 ne
1463 1233 1563 1313 peut,

305 1351 375 1398 sans
398 1333 586 1416 marquart
609 1351 662 1398 son
682 1331 821 1411 mandat,
852 1352 923 1398 sans
946 1351 977 1398 sa
1001 1333 1098 1398 lldtrir
1122 1353 1181 1398 aux
1203 1353 1281 1418 your
1303 1335 1340 1400 de
1363 1335 1444 1412 tous,
1472 1355 1563 1400 eon-

305 1437 432 1502 damner
457 1455 497 1500 un
520 1439 662 1503 innocent
674 1437 733 1520 1).‹

304 1592 379 1657 Nou
401 1592 472 1658 lieet
491 1593 608 1660 medico
629 1599 759 1659 matrem
780 1594 905 1659 salvare
929 1593 1096 1676 perdendo,
1116 1595 1202 1676 foeta
1224 1595 1282 1660 etsi
1304 1594 1495 1659 idoniorem
1515 1595 1563 1660 sit

242 1699 244 1706 '
831 1698 1011 1766 remedium.

407 1817 469 1882 dlii
491 1819 619 1882 tenent:
651 1818 807 1883 Medicum
832 1838 917 1902 posse
938 1838 970 1884 se
994 1820 1187 1903 acquiescere
1210 1819 1389 1906 syllogismo
1415 1820 1563 1885 ›irrefu-

304 1921 413 1985 tabili‹
439 1941 532 2004 eoque
555 1923 674 2004 probari
700 1922 797 1987 cuivis
818 1923 938 1988 lieeitas
961 1923 1086 1988 abortus
1112 1925 1157 1988 vol
1182 1925 1422 1990 oraniotomiao:
1447 1924 1561 1989 liben-

305 2025 425 2090 tissime
447 2043 602 2090 servarem
623 2029 787 2110 utramque
811 2027 918 2104 vitam,
943 2028 1061 2092 scilieet
1086 2030 1117 2092 et
1138 2028 1250 2093 matris
1273 2030 1304 2094 at
1327 2029 1451 2104 loetus3
1479 2048 1560 2092 cum

306 2131 408 2194 autern
433 2129 463 2192 id
488 2130 553 2193 lieri
577 2149 664 2212 possa
690 2130 790 2196 minor
819 2150 887 2213 spes
918 2131 1088 2215 affulgeat,
1122 2151 1158 2196 ea
1193 2131 1270 2196 milri
1305 2133 1455 2196 salvanda
1493 2135 1563 2211 est,

306 2252 399 2315 quam
430 2233 549 2298 salvaro
583 2253 717 2317 possum,
749 2235 769 2301 i.
794 2255 819 2299 e.
853 2235 918 2299 vita
952 2235 1061 2301 matris
1075 2239 1109 2318 ²).
1168 2235 1225 2299 Vel
1256 2236 1326 2301 aliis
1356 2235 1484 2303 verbis:
1523 2237 1560 2301 Si

306 2337 430 2402 abortus
455 2337 589 2403 directus
612 2338 660 2403 vel
684 2339 885 2404 oraniotomia
908 2340 974 2404 sola
997 2343 1029 2405 ot
1051 2342 1136 2404 certa
1158 2359 1227 2423 spos
1251 2343 1298 2405 ost
1320 2342 1454 2404 matrem
1482 2343 1556 2406 sal-

305 2440 408 2516 vandi,
432 2461 489 2505 non
512 2443 612 2508 solum
631 2443 704 2507 lieet
723 2443 850 2521 medico,
876 2443 928 2508 sed
952 2443 1043 2508 debat
1066 2463 1101 2508 ea
1126 2448 1310 2527 perpetrare.
1345 2445 1430 2509 Nam
1446 2445 1557 2510 foetus

305 2563 377 2608 sane
401 2545 528 2626 peribit,
550 2566 612 2625 ‚seu
636 2547 760 2610 abortus
784 2549 964 2628 provocatur
987 2567 1040 2612 seu
1066 2567 1142 2625 non;
1175 2567 1248 2632 ergo
1279 2549 1463 2624 salvandus,
1495 2551 1554 2632 qui

305 2648 419 2713 salvari
443 2651 544 2731 potest
566 2649 586 2714 i.
611 2669 636 2713 e.
657 2652 799 2728 matar³t
1562 2659 1563 2662 ’

409 2753 681 2834 Respondoudum:
707 2753 901 2837 Quamquam
924 2755 1078 2834 mediano,
1101 2754 1155 2838 qui
1177 2757 1209 2820 in
1230 2774 1337 2820 euram
1359 2757 1475 2838 accipit
1499 2757 1556 2820 in-

305 2854 487 2920 firmitatem
510 2857 721 2938 desperatam,
752 2877 812 2922 non
835 2859 994 2942 peccare),
1026 2861 1130 2924 tamon
1155 2859 1304 2942 obligatio
1328 2859 1392 2923 eins
1414 2880 1475 2924 non
1502 2865 1563 2926 est

306 2959 463 3036 absoluta,
494 2960 539 3024 ito
566 2963 600 3024 ut
632 2979 689 3024 nou
714 2981 749 3025 en
773 2961 929 3046 principiis
951 2955 1362 3046 moralibus'dependeatlt.
1409 2965 1557 3030 Tenetur

306 3081 422 3142 curare,
448 3063 546 3146 quoad
571 3083 667 3146 usque
692 3065 795 3146 possit,
817 3066 868 3131 sed
893 3085 950 3132 non
971 3067 1091 3131 illicitis
1107 3067 1227 3144 mediis,
1251 3068 1338 3133 Unde
1353 3069 1555 3154 Aaronem:

308 3165 607 3250 »Peccant(medii)'.
626 3221 632 3234 .
651 3218 658 3232 .
675 3172 709 3234 5⁰
729 3170 831 3252 siquid
854 3173 960 3236 eontra
975 3171 1078 3254 legem
1097 3171 1350 3249 persuadeant«,
1374 3175 1407 3236 et
1432 3173 1555 3238 clarius

306 3271 446 3356 eorpus
479 3273 610 3338 »Peoeat
634 3273 771 3356 graviter
792 3274 931 3338 medicus
960 3325 965 3337 .
990 3325 997 3338 .
1022 3327 1028 3342 .
1062 3275 1117 3338 10⁰
1147 3275 1173 3340 si
1196 3277 1340 3340 abortum
1364 3277 1419 3341 aut
1443 3277 1554 3342 modia

303 3372 393 3440 illum
416 3377 599 3458 procurandi
621 3377 751 3442 suadeat
776 3380 832 3443 aut
853 3378 984 3460 ipsemet
1007 3381 1206 3462 exequutus«

408 3480 559 3545 abortum
588 3484 692 3546 autem
724 3482 755 3546 et
786 3481 1018 3547 eraniotomiam
1050 3483 1112 3567 legi
1140 3483 1194 3547 Dei
1216 3502 1387 3567 repugnare
1415 3483 1553 3567 ideoque

304 3601 460 3666 nunquam
484 3583 587 3663 licere,
609 3605 644 3649 sn
667 3605 699 3650 se
722 3587 859 3668 apparot.
898 3585 966 3650 Non
989 3586 1071 3665 lieet,
1095 3587 1145 3650 vel
1163 3587 1292 3651 minimo
1309 3589 1434 3670 peceato
1452 3589 1551 3653 alioui

305 3687 399 3751 vitam
424 3689 581 3755 aeternam
603 3708 708 3771 parere
733 3708 827 3772 eoque
848 3689 950 3754 minus
972 3691 1059 3754 tauto
1083 3690 1197 3755 scelere
1221 3691 1317 3756 vitam
1340 3693 1552 3773 temporalem

305 3791 465 3858 oaduoam.

411 3896 505 3961 Raeto
546 3895 709 3981 Debrepue
723 3901 748 3980 8)
794 3897 832 3963 da
875 3898 934 3964 tali
976 3897 1122 3976 muliere,
1170 3916 1249 3981 quae
1295 3899 1396 3964 solum
1444 3900 1550 3968 adhuc

409 4069 433 4134 1)
453 4070 544 4125 rideas
562 4069 633 4125 intra
649 4071 681 4126 da
698 4087 856 4142 aggressores
874 4073 984 4128 iniusto.

407 4156 434 4226 2)
455 4157 597 4222 Horwr'tz,
616 4158 636 4213 l.
654 4175 676 4212 e.
695 4175 757 4227 pag.
776 4159 819 4214 86.

407 4241 435 4311 3)
454 4244 613 4308 Sohrdder,
632 4244 651 4298 l.
669 4261 691 4299 e.
711 4261 773 4314 pag.
792 4245 851 4302 244.

407 4327 978 4402 fisfflmmfflstdpstad

372 4435 374 4439 ’
409 4415 435 4484 5)
454 4433 475 4470 s.
496 4417 652 4486 dlplrons„
672 4417 690 4471 l.
710 4433 730 4472 o.
749 4417 768 4472 l.
787 4418 835 4474 VI.
853 4435 880 4473 n.
899 4419 949 4474 291
970 4419 1003 4474 de
1022 4419 1138 4489 obligati
1156 4436 1195 4489 op.
1213 4418 1272 4473 Vll.

407 4503 434 4568 6)
452 4502 471 4557 1.
490 4519 511 4557 e.
530 4519 554 4571 p.
574 4503 611 4558 ΙΙ.
630 4505 709 4558 tract.
728 4504 761 4559 do
777 4503 891 4574 obligat.
911 4522 966 4574 esp.
985 4505 1046 4560 VII.

407 4589 435 4656 7)
454 4589 473 4642 l.
492 4605 514 4643 o.
533 4606 557 4655 p.
577 4589 613 4643 ll.
633 4607 658 4644 n.
677 4591 719 4644 31.

409 4675 436 4744 8)
455 4675 473 4730 l.
493 4691 595 4746 apag.
615 4677 674 4730 260.
792 4711 794 4716 ,
