3142 5204
357 271 491 328 libertus
509 263 685 341 artificialis
704 271 734 328 el
752 271 973 332 ercalotomio.
1241 265 1283 330 47

30 453 170 530 luenda,
211 467 299 533 qnae
333 445 403 529 plus
436 442 575 508 minusve
607 442 808 510 adversentur
839 445 996 513 infallibili
1020 467 1124 516 rerum
1149 453 1301 538 veritati,-

29 581 95 646 qnae
120 578 141 624 a
168 555 246 619 Deo
270 549 410 616 revelata
433 545 547 612 luere«

123 661 252 741 Neque
276 655 375 737 igitur
396 651 429 714 in
451 651 571 715 theoria
593 649 717 732 quidem
740 651 884 717 absoluta
906 653 1035 720 libertas
1056 656 1197 723 scientiis
1221 659 1283 724 bu·

30 767 119 834 nanis
146 756 366 827 attribuenda
389 756 446 832 est,
470 753 595 818 minime
616 753 648 817 in
672 755 767 836 praxi,
789 755 811 820 i.
827 773 853 820 e.
877 757 999 838 quando
1021 761 1232 828 conclusiones
1249 784 1285 830 er

30 866 191 956 principiis
218 860 375 926 deductae
398 857 430 920 in
453 857 552 922 vitam
573 855 777 922 traducantur
798 876 912 942 eaeque
942 860 982 925 ad
1009 865 1099 928 actus
1131 864 1284 932 humanos

29 972 242 1058 applicentur.
278 962 367 1044 Quod
390 961 417 1025 si
439 961 471 1024 in
495 959 575 1024 alias
594 959 739 1026 scientias
761 961 915 1044 imprimis
937 964 969 1028 in
986 967 1172 1034 medicinam
1188 971 1284 1038 cadit.

30 1079 107 1144 Unde
132 1072 267 1156 optime
291 1066 401 1131 auctor
422 1083 515 1146 saepe
537 1063 682 1128 laudatus
707 1065 864 1132 concludit
873 1067 917 1150 ¹):
943 1067 1042 1136 »Sane
1061 1072 1194 1138 scientia
1219 1093 1282 1140 rne-

28 1183 86 1247 dica
111 1196 182 1242 non
208 1168 413 1256 speculativa,
437 1167 491 1232 sed
514 1168 645 1232 maxime
665 1168 802 1250 practica
825 1174 889 1236 est:
913 1173 994 1237 unde
1010 1177 1217 1242 communiter
1233 1197 1285 1244 ars

3 1329 4 1350 r
28 1286 125 1368 potins
153 1277 291 1344 dicitur.
337 1271 552 1338 Praetioarom
574 1289 646 1336 vero
669 1271 869 1339 scientiarum
893 1274 949 1340 illa
971 1275 1095 1360 dignior
1117 1282 1181 1359 est,
1206 1301 1284 1365 quae

26 1391 56 1454 ed
77 1382 276 1452 ulteriorem
299 1396 353 1441 sen
376 1375 519 1441 altiorem
542 1375 634 1439 linem
656 1375 862 1461 ordinatum).
891 1379 930 1444 lit
944 1383 1079 1446 omnium
1099 1383 1284 1468 dignissima

26 1497 114 1576 atque
139 1485 240 1552 unice
265 1482 305 1546 ab
328 1479 412 1544 omui
436 1476 499 1543 alia
520 1477 657 1561 practice
679 1479 808 1544 seientia
830 1481 1037 1563 independens
1058 1486 1199 1552 habenda
1222 1491 1284 1556 erit

27 1598 82 1674 illa,
108 1608 203 1676 quae
227 1582 438 1652 essentialiter
454 1583 486 1646 et
501 1600 554 1664 per
569 1599 600 1646 se
616 1580 654 1645 ad
670 1581 763 1647 linem
780 1583 925 1660 ultimum
946 1587 1048 1652 tendit
1065 1589 1282 1677 hominemque

26 1698 145 1782 dirigit.
200 1691 300 1755 Porro
321 1685 391 1751 linis
411 1704 466 1750 seu
492 1686 666 1750 »obiectum
686 1685 856 1752 medicinae
879 1692 927 1753 est
950 1692 1079 1770 sanitas,
1102 1695 1176 1777 quia
1198 1696 1278 1763 nihil

26 1798 190 1868 medicina
212 1790 390 1858 considerat
411 1788 472 1853 nisi
494 1788 527 1852 in
550 1788 654 1854 ordino
675 1789 714 1854 ad
736 1790 914 1858 sanitatem.
958 1794 1117 1876 (ihomas,
1142 1797 1163 1863 l.
1187 1818 1213 1864 e,
1237 1801 1281 1867 Π,

25 1911 47 1970 2.
68 1927 99 1988 q.
133 1903 165 1968 1.
192 1918 221 1964 a.
250 1897 278 1960 l.
302 1894 344 1976 c.)
391 1893 510 1957 Bonum
531 1892 818 1978 itaquephysieum
843 1898 976 1978 corporis
999 1901 1228 1985 contemplatur
1251 1908 1284 1970 et

26 2007 188 2094 procurat,
214 1999 297 2083 quod
321 1996 429 2080 ulique
452 1995 543 2062 homo
565 2013 725 2062 commune
746 1997 841 2063 habet
865 2018 935 2064 cum
958 2003 1146 2070 animalibus
1162 2008 1283 2074 rationo

26 2107 207 2180 destitutis.

130 2205 345 2288 Philosophia
379 2202 537 2287 practica,
577 2221 655 2286 quae
693 2204 786 2272 etiarn
823 2207 924 2273 ethica
964 2211 1116 2278 naturalis
1153 2215 1280 2296 dicitur,

25 2317 162 2386 scientia
188 2314 241 2376 cst
266 2327 385 2374 morum
407 2307 531 2390 regulas
561 2306 632 2372 illas
661 2308 805 2386 tradens,
839 2330 971 2394 quarum
1006 2315 1154 2383 beneficio
1190 2320 1282 2387 bomo

25 2425 104 2489 reete
132 2437 196 2484 seu
220 2413 426 2478 consentanee
449 2429 518 2475 curn
541 2409 687 2476 rationali
709 2429 766 2477 sna
789 2416 899 2478 natura
922 2417 1057 2484 actiones
1072 2438 1145 2486 suas
1165 2423 1282 2493 liberas

24 2527 130 2612 exigit.
168 2519 262 2584 Haec
287 2517 391 2601 itaque
414 2513 552 2592 scientia,
576 2514 684 2596 utpote
706 2535 784 2598 quae
807 2518 903 2584 altius
927 2519 1041 2588 honum
1066 2525 1183 2592 homini
1208 2549 1282 2612 prae

24 2630 139 2695 ceteris
179 2620 316 2687 maxime
350 2618 504 2701 proprium
537 2617 693 2700 inquirat,
728 2621 857 2686 caeteris
891 2624 1011 2689 artibus
1046 2647 1100 2692 seu
1134 2634 1283 2713 practicis

23 2731 168 2800 scientiis
195 2723 349 2790 medicina
370 2721 496 2787 minime
519 2721 650 2800 exclusa,
674 2723 876 2791 anteferenda
898 2728 1022 2794 omnino
1045 2733 1102 2797 est.
1147 2735 1280 2804 Demum

23 2833 191 2919 theologia
215 2826 352 2903 moralis,
376 2844 453 2909 quae
477 2845 535 2890 non
556 2824 595 2890 ad
615 2826 808 2893 honestatem
830 2833 952 2896 tanturn
979 2836 1154 2904 naturalem
1177 2841 1233 2906 sed
1249 2846 1283 2908 et

22 2932 304 3026 supernaturalem
325 2930 357 2994 io
380 2928 486 2995 ordine
509 2927 660 2994 adfinem
683 2931 829 2997 ultimum
859 2922 997 3002 homines
1028 2941 1192 3021 conducit,
1226 2964 1281 3012 su·

22 3063 132 3128 prema
155 3035 296 3105 scientia
319 3033 455 3118 practico
478 3032 587 3100 merito
610 3032 740 3113 dieitur,
764 3037 814 3100 eui
838 3039 957 3105 ceterae
981 3045 1147 3111 universim
1171 3066 1279 3116 omncs

22 3147 125 3232 quoad
151 3141 265 3209 omnia
288 3139 320 3202 et
340 3137 464 3220 singula
486 3135 624 3202 eiusdem
646 3147 809 3221 praecepta
832 3161 940 3224 parere
962 3143 1085 3214 debent.

130 3243 314 3312 Medicinae
332 3241 432 3324 igitur
453 3240 608 3324 proprium
631 3243 678 3307 est
692 3242 865 3325 decernere,
886 3266 965 3331 quae
984 3252 1024 3314 ad
1041 3255 1176 3336 corporis
1192 3260 1280 3324 sani-

21 3361 121 3423 tatem
139 3346 333 3416 salvandam
350 3347 405 3408 ant
418 3344 640 3409 restituendam
651 3344 756 3411 iuvare
770 3350 900 3429 possunt
911 3353 943 3416 et
956 3353 1070 3421 valent.
1097 3358 1279 3447 Ubicunque

22 3466 131 3528 autem
156 3454 200 3519 de
223 3449 389 3516 honestate
411 3447 574 3513 dubitatur
603 3448 734 3514 alicuius
762 3453 891 3519 remedii
922 3458 966 3540 (et
988 3463 1207 3551 operationis),
1240 3469 1280 3534 ad

21 3559 263 3648 philosophiam
287 3555 343 3618 aut
362 3551 552 3635 theologiam
574 3553 720 3618 moralem
749 3560 967 3626 recurrendum
999 3567 1046 3630 est
1073 3586 1130 3634 nec
1160 3572 1280 3639 medico

21 3689 75 3752 qna
100 3662 170 3732 tali
194 3657 277 3726 illud
298 3655 538 3740 independenter
559 3656 697 3722 solvendi
720 3658 767 3723 ius
788 3660 891 3728 datur.

129 3767 176 3833 nt
195 3765 274 3828 haec
290 3761 421 3826 maxime
433 3759 539 3825 valent
554 3761 586 3824 in
602 3778 675 3825 casu
691 3766 856 3845 praesenti,
875 3786 945 3832 cum
960 3772 1067 3854 ntique
1080 3776 1280 3845 vehementer

25 3863 210 3947 lobitetur,
244 3867 350 3932 utrum
378 3863 416 3930 ad
447 3864 557 3930 matris
578 3863 746 3932 sanitatem
769 3870 801 3932 et
824 3870 920 3934 vitam
944 3877 1128 3944 servandam
1153 3881 1276 3948 licitum

22 3983 57 4046 sit
80 3975 237 4046 occidere
260 3989 316 4034 seu
338 3968 496 4034 destruere
518 3967 666 4035 loetum«

378 4123 624 4190 Morclislorum
644 4124 681 4191 s'n
699 4147 735 4192 re
756 4131 931 4196 sententiae.

126 4249 224 4337 Quod
253 4244 294 4311 ad
325 4242 571 4322 moralistarum,
605 4246 640 4310 ut
673 4249 803 4326 vocant,
836 4248 1057 4320 dissensionem
1091 4258 1124 4325 in
1155 4262 1214 4326 hac
1242 4284 1275 4329 re

22 4363 154 4446 spectat,
182 4373 245 4422 non
270 4347 437 4414 difficulter
456 4366 561 4413 eorum
584 4349 738 4420 sententia
757 4351 863 4434 colligi
886 4358 988 4436 potest
1014 4377 1050 4424 er
1070 4362 1145 4445 ipsis
1167 4384 1272 4434 eorum

26 4471 348 4497 -ῤῥ

126 4534 156 4604 ι)
177 4533 217 4588 Α.
241 4527 287 4590 n,
304 4522 323 4578 n
342 4539 363 4578 ο,
382 4540 445 4594 pag.
463 4523 524 4578 era.

122 4621 154 4692 n)
175 4617 204 4674 s.
230 4615 375 4671 anonas.
393 4609 418 4664 s.
437 4607 520 4666 conr
538 4607 566 4678 1¹¹
580 4623 608 4679 q.
625 4607 648 4664 1.
666 4612 737 4668 ns.
