3142 5204
289 299 331 368 64
472 319 684 383 Ηεὶᾱθηνεῑοὴ,
706 315 786 373 Dies.
802 317 838 374 io
859 333 920 373 uus.
939 316 1107 374 attenuat.
1126 319 1230 388 Apost.
1249 317 1345 376 Sedis.

287 491 361 575 quin
384 490 453 572 quis
474 488 650 565 asseruerit,
671 507 739 552 eam
760 507 824 554 esse
848 490 1020 572 portionem
1044 491 1092 555 vel
1111 491 1231 573 partem
1255 491 1351 557 humi.
1393 491 1545 570 Humus‚

287 595 370 662 oalor
392 597 451 659 eto.
474 595 547 658 sunt
569 593 634 656 eius
652 592 840 658 conditiones
856 594 938 658 vitae
956 595 1078 659 tantum
1096 595 1127 658 et
1143 595 1334 660 evolutionis.
1359 595 1408 660 Ita
1427 594 1543 660 tostus

288 700 400 763 humus
423 700 471 762 est
490 699 595 761 uterus
619 696 735 774 matris,
760 696 832 780 quin
858 697 912 762 fiat
934 698 1034 762 foetus
1056 717 1127 780 pars
1155 698 1273 762 matris.

392 801 461 867 Nou
474 801 606 866 alienum
621 802 702 883 puto,
721 799 836 864 foetum
854 821 912 865 nou
926 820 991 866 esse
1006 801 1113 867 matris
1126 804 1246 884 partem
1259 802 1380 885 probari
1392 821 1429 866 ex
1443 821 1545 884 posse

288 906 438 982 doctrina,
460 922 554 987 qnam
576 906 663 968 tenet
685 904 825 979 eeclesia,
850 907 980 968 matrem
1006 923 1062 970 non
1088 924 1173 988 posse
1197 925 1249 989 pro
1271 907 1390 970 infante
1411 905 1546 988 baptis-

289 1029 374 1075 mum
393 1008 556 1091 suscipere.
603 1007 721 1071 Audias
741 1007 806 1072 loeo
830 1009 999 1073 multorum
1022 1009 1055 1076 S.
1079 1009 1229 1074 Tbomum
1241 1009 1283 1091 1);
1315 1010 1367 1092 qui
1391 1009 1543 1086 disserit,

289 1116 394 1179 utrum
417 1112 502 1195 pueri
526 1111 557 1175 in
581 1111 730 1176 maternis
753 1113 848 1175 uteris
865 1111 957 1195 positi
978 1113 1042 1177 siut
1058 1113 1245 1196 baptizandi,
1264 1116 1295 1176 et
1314 1113 1461 1177 enuntiat
1481 1163 1488 1176 .
1506 1163 1514 1176 .
1534 1167 1541 1178 .

292 1217 474 1282 »Praeterea
495 1235 570 1299 puer
592 1215 623 1278 in
648 1215 734 1279 utero
757 1215 867 1280 matris
890 1215 1023 1280 existens
1048 1216 1164 1300 aliquid
1186 1217 1294 1280 matris
1313 1235 1378 1282 esse
1394 1217 1541 1282 videtur.

288 1321 348 1386 Sed
363 1320 519 1402 baptizata
539 1321 649 1396 matre,
664 1319 850 1400 baptizatur,
867 1317 1015 1402 quidquid
1031 1322 1077 1385 est
1093 1322 1158 1385 eius
1173 1321 1255 1385 intra
1271 1321 1369 1402 ipsam
1384 1319 1540 1385 existens.

289 1425 371 1508 drgo
395 1422 529 1500 videtur,
563 1422 642 1506 quod
666 1423 824 1505 baptizata
847 1424 945 1487 matre
980 1423 1154 1506 baptizetur
1184 1443 1259 1505 puer
1290 1424 1321 1487 in
1351 1426 1440 1488 utero
1466 1425 1541 1488 eius

289 1527 430 1592 existens.
462 1525 724 1608 Respondes...
750 1525 806 1590 hoe
829 1545 895 1591 esse
917 1545 975 1590 nen
997 1531 1107 1610 potest,
1130 1529 1197 1592 tum
1221 1525 1294 1610 quia
1312 1529 1416 1591 anima
1431 1529 1537 1609 pueri,

289 1632 327 1697 ud
351 1632 439 1696 euius
461 1629 737 1696 sanctificationem
760 1629 920 1695 ordinatur
936 1631 1118 1714 baptismus,
1142 1631 1290 1696 distincta
1308 1633 1355 1695 est
1370 1632 1408 1694 ab
1426 1632 1540 1696 anima

290 1735 409 1812 matris,
432 1737 499 1799 tum
522 1733 596 1817 quia
619 1753 727 1815 eorpus
751 1735 836 1816 pueri
860 1734 989 1799 animati
1014 1735 1075 1798 iam
1093 1736 1140 1800 est
1159 1735 1325 1799 formatum
1343 1737 1373 1799 et
1390 1755 1442 1818 per
1459 1754 1538 1799 uon·

289 1857 418 1923 sequeus
442 1856 459 1902 a
481 1855 604 1920 corpore
626 1838 736 1902 matris
760 1837 959 1915 distinctum
991 1840 1022 1903 et
1044 1837 1112 1902 ideo
1135 1838 1324 1921 baptismus,
1348 1857 1407 1921 quo
1430 1842 1540 1903 mater

290 1942 476 2026 baptizatur,
501 1959 559 2005 non
583 1939 737 2006 redundat
759 1940 790 2004 in
815 1941 930 2024 prolem
946 1943 977 2006 iu
994 1944 1081 2007 utero
1099 1943 1207 2006 matris
1223 1941 1416 2009 existentem.
1445 1942 1538 2006 Unde

290 2045 485 2129 Augustinus
516 2045 593 2108 dicit
624 2042 739 2108 Contra
769 2043 931 2110 Julianum
965 2045 983 2111 t.
1009 2045 1062 2110 Vl.
1086 2065 1132 2128 op.
1155 2045 1239 2113 XIV.
1260 2047 1288 2130 ξ.
1310 2047 1362 2110 42.
1386 2045 1443 2111 eol.
1468 2047 1536 2109 847

290 2152 314 2217 t.
340 2150 397 2218 10:
430 2148 463 2214 si
486 2148 523 2213 ad
548 2147 657 2212 matris
679 2167 787 2230 eorpus
810 2147 859 2226 id,
884 2149 964 2232 quod
987 2150 1018 2214 in
1041 2167 1076 2214 aa
1100 2149 1287 2232 coneipitur,
1311 2150 1462 2232 pertinet,
1487 2150 1537 2214 ita

290 2256 327 2318 ut
349 2253 414 2318 eius
437 2271 507 2336 pars
530 2251 704 2335 deputetur,
729 2271 787 2316 non
808 2253 1017 2334 baptizaretur
1033 2253 1136 2318 inians
1151 2253 1239 2318 ouius
1255 2255 1356 2318 muter
1371 2253 1537 2335 baptizata

291 2359 339 2422 ast
373 2357 475 2440 aliquo
510 2355 618 2421 mortis
649 2357 778 2439 urgente
813 2355 963 2438 periuuto,
996 2375 1066 2421 oum
1097 2375 1166 2421 eum
1200 2358 1338 2440 gestaret
1364 2357 1396 2421 in
1431 2359 1534 2421 utero.

292 2512 359 2528 ...
384 2459 431 2526 Ad
454 2459 620 2526 seeundum
652 2459 833 2537 dicendum,
867 2460 947 2544 quod
976 2461 1147 2526 membrum
1177 2461 1308 2525 interius
1343 2459 1451 2526 matris
1483 2463 1535 2525 est

291 2565 409 2648 aliquid
441 2565 507 2629 eius
537 2582 590 2646 per
612 2563 871 2629 continuationem
896 2566 927 2628 et
951 2563 1092 2628 unionem
1117 2563 1288 2629 naturalem
1313 2564 1396 2648 paris
1419 2563 1458 2628 ad
1481 2565 1534 2628 to-

291 2671 376 2744 tnm;
401 2686 475 2750 puer
495 2673 599 2731 autem
614 2665 654 2750 in
678 2670 766 2731 utero
789 2667 897 2732 matris
921 2667 1053 2733 existens
1076 2670 1123 2733 est
1147 2668 1264 2752 aliquid
1283 2668 1348 2732 eius
1364 2686 1418 2750 per
1432 2687 1533 2750 quan-

290 2770 363 2835 dam
386 2770 617 2854 colligationem
639 2789 799 2853 corporum
822 2771 1070 2838 distinctorum«

396 2873 464 2938 Hae
487 2872 684 2938 distinetione
707 2873 738 2938 S.
762 2874 897 2940 Thomas
918 2875 1130 2958 quaestionem
1151 2875 1307 2958 persolvit.

344 3047 485 3112 Adortus
507 3045 644 3113 directus
666 3047 709 3129 (et
732 3048 954 3128 eruniotomiu)
973 3047 1180 3130 probibentur
1199 3049 1305 3130 quinto
1330 3046 1480 3131 Deeutopi

816 3158 992 3234 praecepto.

396 3280 539 3346 Asseulae
562 3282 687 3347 abortus
710 3281 818 3346 directi
847 3283 878 3345 et
900 3281 1052 3363 imprimis
1083 3280 1300 3346 orauiotomiae
1320 3281 1530 3346 moralitatem

293 3385 509 3468 argumentare
541 3388 692 3450 conantur
715 3404 765 3461 eo,
798 3383 878 3468 quod
904 3385 936 3448 1⁰
959 3384 1031 3450 talis
1055 3383 1191 3467 operatio
1213 3384 1337 3449 omnino
1358 3403 1417 3448 non
1437 3385 1530 3450 eadat

292 3488 349 3556 sub
372 3487 513 3570 quintum
536 3486 675 3573 decalogi
699 3489 913 3571 praeseptum
945 3488 979 3552 2⁰
1002 3487 1061 3551 etsi
1084 3487 1176 3551 eadat
1198 3487 1255 3552 sub
1276 3487 1419 3570 quintum
1441 3507 1531 3572 prae-

293 3592 416 3673 ueptum
440 3590 590 3675 deoalogi‚
614 3594 718 3656 tamen
740 3591 902 3656 dicandum
924 3591 981 3668 sit,
1006 3608 1063 3655 non
1088 3609 1206 3656 omnem
1231 3591 1381 3656 directam
1403 3592 1529 3658 ouoisio·

294 3713 361 3758 nem
386 3692 441 3758 iilo
466 3693 639 3776 prohiberi,
670 3697 702 3758 et
729 3695 764 3758 3⁰
786 3693 866 3778 quod
889 3695 1090 3759 eraniotomia
1117 3711 1175 3758 nou
1208 3695 1251 3758 sit
1281 3694 1390 3758 occisio
1412 3694 1529 3762 directa

293 3796 404 3862 foetus.

397 3899 503 3980 Quoad
520 3899 652 3983 primum
668 3902 897 3984 argumentum,
918 3900 995 3965 illud
1013 3900 1174 3967 Peanuebi
1186 3902 1212 3985 ²)
1228 3901 1386 3966 adstruere
1403 3903 1528 3968 enititur

294 4003 416 4069 dicens:
443 4002 625 4068 »Obieetum
648 4003 803 4088 praesepti
827 4023 885 4069 non
907 4004 1025 4070 ooeides
1049 4003 1193 4069 videntur
1215 4022 1279 4068 esse
1300 4003 1436 4070 homines
1459 4009 1527 4070 tan-

293 4106 451 4171 tummodo
474 4107 505 4170 in
528 4093 675 4173 societate
693 4106 855 4174 eonstitnti
876 4108 907 4172 et
929 4127 982 4191 per
1005 4125 1037 4172 se
1059 4107 1235 4182 existentes,
1255 4105 1302 4170 illi
1325 4107 1450 4181 seilicet,
1474 4111 1526 4192 qui

293 4209 331 4274 de
354 4210 463 4274 matris
485 4211 572 4275 utero
595 4211 711 4294 egressi
731 4212 804 4275 sunt
829 4209 995 4294 vivuntque
1018 4210 1084 4275 vita
1105 4209 1244 4293 propria,
1269 4226 1328 4273 nou
1351 4211 1451 4274 autern
1473 4210 1522 4274 in-

293 4313 395 4378 fantes
424 4315 455 4377 io
486 4315 573 4378 utero
598 4313 736 4378 matmm
766 4312 868 4376 adhue
897 4312 1041 4378 elausit«
1066 4349 1109 4360 -
1128 4311 1346 4392 Quaestionem
1372 4312 1447 4376 hane
1468 4333 1522 4380 nou

293 4417 426 4499 amplius
448 4417 617 4502 ingressuri
637 4435 730 4481 unum
753 4416 864 4482 saltem
887 4417 1021 4500 petimus
1044 4436 1062 4482 a
1084 4417 1166 4483 olam
1190 4416 1272 4495 viro,
1306 4435 1434 4500 nempe:
1465 4416 1525 4483 Sub

398 4563 782 4634 lsseffimfflast

399 4649 779 4721 mtumgfflmmw.
