3142 5204
285 305 327 375 52
470 321 683 387 Hetdenrelcb,
703 322 782 377 Diae.
800 325 835 378 tn
854 337 915 378 cua.
935 325 989 377 cll.
1008 327 1103 378 cenot.
1122 321 1227 394 Apoat.
1245 321 1340 378 Sedis.

352 581 354 583 Ι
388 495 439 562 De
454 495 542 578 Isaeo
567 513 673 577 nempe
696 494 804 559 scribit
817 497 855 576 ¹):
883 494 949 559 »An
966 494 1059 558 liceat
1074 495 1164 560 matri
1184 513 1304 559 sumere
1320 495 1527 577 pharmacum

285 605 324 666 od
348 600 500 684 proprian
526 600 621 664 vitam
645 599 802 678 tuendam,
826 598 899 664 licet
922 618 958 664 ea
973 599 1130 664 occasione
1146 600 1256 675 intans,
1280 619 1370 681 quem
1388 599 1418 664 in
1436 603 1529 665 utero

286 707 380 770 babet
401 703 501 787 perire
524 701 636 768 debeat
658 722 711 785 per
734 702 875 767 aborsum
894 703 941 768 vel
957 701 1017 767 alio
1036 703 1146 768 modo?
1171 701 1391 786 despondetur,
1410 703 1531 768 directe

285 827 451 893 uunquam,
479 807 550 889 quia
572 809 641 889 post
665 805 882 872 animationem
905 806 936 869 id
960 808 1041 871 esset
1064 806 1179 871 directe
1202 806 1340 872 occidere
1362 807 1530 882 tutantem,

285 910 543 995 quodvnunquam
568 911 658 987 licet;
682 912 754 976 ante
778 909 994 975 animationem
1011 929 1081 974 vero
1098 929 1154 974 non
1172 909 1254 987 licet,
1275 911 1306 973 id
1323 909 1439 974 directe
1456 931 1530 992 pro-

286 1033 410 1091 curare,
440 1014 522 1080 sicut
551 1032 610 1078 non
640 1013 714 1078 licet
741 1031 903 1096 procurare
925 1013 1051 1078 seminis
1075 1011 1251 1078 allusionem
1277 1014 1371 1077 etiarn
1396 1015 1434 1078 ed
1459 1015 1528 1078 sal-

286 1117 419 1184 vandam
441 1119 536 1182 vitam
560 1167 568 1182 .
594 1167 600 1182 .
624 1167 630 1180 .
654 1116 783 1200 Quando
808 1136 876 1182 voro
900 1118 1099 1200 pharmacum
1125 1117 1172 1181 vel
1197 1117 1366 1182 remedium
1391 1135 1450 1184 nou
1474 1138 1530 1182 au-

287 1223 382 1288 rnitur
405 1221 520 1288 directe
543 1221 580 1285 ad
605 1241 675 1286 eum
700 1221 791 1286 linem
814 1222 1001 1306 (abortum),
1034 1223 1085 1286 sed
1113 1222 1151 1284 ad
1184 1221 1350 1286 sanitatem
1375 1222 1406 1285 ct
1430 1221 1529 1286 vitam

286 1325 395 1390 matris
417 1324 583 1401 tuendam,
614 1324 867 1410 distinguendum
892 1343 996 1389 rursus
1020 1326 1084 1398 ast:
1117 1345 1188 1388 nam
1211 1325 1236 1388 si
1258 1343 1316 1388 non
1340 1324 1431 1388 aliter
1454 1343 1530 1389 cou-

287 1429 380 1494 dncat
403 1426 561 1492 advitam
584 1427 703 1504 reatris,
727 1427 785 1492 nisi
808 1430 960 1510 quatenus
983 1431 1092 1492 oausat
1114 1428 1275 1503 abortum,
1300 1427 1359 1490 iarn
1381 1430 1455 1491 tunc
1478 1429 1530 1491 di-

286 1533 368 1598 recte
392 1529 563 1597 intenditur
585 1532 712 1596 aborsus
732 1579 772 1610 ..,
798 1549 857 1613 quo
881 1549 954 1596 casu
979 1549 1035 1595 non
1061 1533 1108 1596 est
1129 1531 1259 1594 licitum.
1294 1528 1325 1594 Si
1343 1548 1413 1594 vero
1429 1530 1527 1611 phar-

288 1653 408 1700 macum
433 1634 511 1699 illud
535 1634 612 1699 utile
638 1634 680 1698 sit
703 1633 742 1698 ad
767 1633 862 1698 vitam
886 1633 1012 1711 matris,
1046 1636 1265 1716 consequenter
1290 1637 1393 1698 tamen
1416 1637 1531 1698 causat

287 1740 429 1805 abortum
453 1742 484 1804 et
507 1739 628 1820 praeter
649 1737 869 1814 intentionem,
904 1740 995 1815 tuuc,
1027 1738 1053 1803 si
1077 1737 1177 1802 foetus
1209 1739 1330 1802 nonsit
1357 1737 1527 1815 animatus,

287 1843 406 1909 licitum
432 1842 491 1906 erit
513 1842 591 1906 illud
615 1841 783 1907 remedium
809 1842 888 1907 siout
911 1844 942 1907 et
965 1841 1060 1919 illud,
1086 1842 1166 1924 quod
1191 1842 1324 1906 sumitur
1347 1840 1385 1906 ad
1409 1842 1530 1904 sanita-

287 1949 365 2022 tem,
397 1944 469 2011 lieet
492 1945 710 2028 consequenter
734 1947 854 2027 praeter
876 1943 1077 2010 intentionem
1102 1945 1317 2028 praevideatur
1340 1944 1450 2008 afferre
1474 1965 1530 2010 ex·

288 2049 459 2132 prisionem
483 2047 626 2125 seminis,
648 2066 726 2131 quae
749 2067 808 2112 non
830 2048 1019 2128 intenditur,
1044 2068 1099 2113 nec
1119 2049 1262 2115 conducit
1286 2048 1324 2112 ad
1348 2048 1528 2127 sanitatem,

289 2152 340 2217 sed
365 2153 510 2216 causatur
533 2151 647 2217 abillo
670 2151 819 2229 remedio,
854 2170 907 2234 per
938 2152 1018 2236 qnod
1052 2153 1176 2218 aliunde
1208 2153 1367 2218 obtinetur
1398 2153 1531 2230 sanitas,

287 2258 439 2341 qnatenus
458 2255 574 2339 ‘purgat
599 2255 675 2320 alios
700 2256 841 2321 tumores
865 2256 968 2322 noxios
991 2306 999 2320 .
1024 2305 1061 2322 ..
1088 2255 1264 2320 Difficultas
1288 2259 1346 2335 est,
1369 2275 1407 2319 an
1432 2257 1529 2321 etiam

287 2363 359 2444 post
388 2359 489 2434 foetus
523 2359 744 2424 animationem
778 2359 840 2424 talo
872 2359 1131 2425 medicamentum
1155 2378 1275 2424 sumere
1298 2360 1346 2424 vel
1370 2360 1529 2444 applicare

286 2465 379 2534 liceat
403 2514 409 2529 .
433 2514 440 2530 .
465 2512 472 2526 .
498 2463 665 2528 Dicendum
696 2463 759 2542 est,
788 2482 841 2546 per
872 2482 904 2528 se
926 2463 1077 2547 loquendo
1104 2465 1136 2528 et
1159 2465 1280 2528 attento
1302 2462 1408 2527 ordine
1431 2464 1530 2528 solius

288 2568 416 2648 naturae
439 2585 525 2651 posse
548 2567 580 2632 id
601 2566 677 2645 fieri,
701 2567 773 2650 quia
796 2570 895 2632 mater
919 2587 978 2632 non
999 2570 1132 2644 tenetur,
1156 2587 1225 2632 cum
1248 2568 1337 2632 tanto
1355 2566 1435 2631 vitae
1454 2585 1529 2631 suae

287 2670 422 2752 periculo
439 2672 476 2744 ¹et
498 2669 683 2736 detrimento
706 2688 868 2753 procurare
892 2674 924 2736 et
945 2689 1123 2738 conservare
1145 2670 1271 2750 foetum,
1296 2670 1378 2737 sicut
1393 2688 1448 2734 nec
1473 2689 1531 2733 na-

287 2775 354 2838 tum
378 2774 439 2838 iam
463 2772 562 2838 filium
585 2774 708 2838 tenetur
730 2793 799 2840 curn
825 2774 907 2841 vitae
933 2775 1110 2840 discrimine
1135 2776 1216 2839 alere
1239 2776 1270 2840 et
1293 2773 1426 2838 retinere
1454 2826 1460 2838 .
1489 2823 1495 2836 .
1522 2824 1530 2838 .

290 2876 398 2944 Placet
420 2880 524 2942 tamon
547 2876 726 2955 moderatio,
750 2897 842 2961 quam
867 2879 939 2944 huic
953 2878 1111 2945 doctrinae
1126 2879 1246 2944 addidit
1263 2879 1369 2962 postea
1386 2876 1532 2958 Vasquer.

289 3031 325 3048 ..
350 3031 358 3048 .
382 2980 496 3061 diceus,
521 2982 578 3047 hoc
600 2983 734 3067 intelligi
758 2983 795 3048 de
818 2984 978 3068 sanguinis
1001 2984 1165 3060 effusione,
1188 2983 1299 3048 balneo
1321 2985 1353 3048 et
1375 2981 1532 3046 eiusmodi

288 3084 446 3163 remediis,
475 3105 553 3168 quae
584 3105 643 3152 non
666 3087 798 3151 tendunt
821 3087 859 3150 ad
881 3087 1063 3152 occisionem
1086 3087 1187 3152 doetus
1209 3087 1268 3151 nisi
1290 3084 1451 3169 negativo,
1478 3103 1534 3166 per

287 3189 529 3254 subtractionem
552 3189 689 3255 humoris
711 3191 873 3256 necessarii
897 3190 935 3255 ad
964 3191 1029 3256 eius
1059 3190 1332 3266 sustentationem,
1365 3205 1427 3254 non
1457 3207 1533 3254 vero

288 3292 326 3370 de
348 3292 507 3371 remediis,
543 3311 622 3376 quae
648 3294 777 3376 positive
800 3295 1014 3359 concurrerent
1046 3293 1085 3358 ad
1115 3295 1245 3360 mbrtern
1277 3292 1393 3371 foetus,
1427 3293 1531 3375 qualis

288 3397 369 3476 esset
391 3395 490 3484 potio,
520 3415 597 3480 quae
627 3416 680 3480 per
703 3397 917 3463 alterationem
940 3398 1105 3481 positivam
1127 3397 1279 3463 occideret
1299 3397 1399 3462 foetus
1423 3447 1429 3462 .
1456 3447 1462 3459 .
1491 3449 1498 3462 .
1524 3447 1532 3462 .

287 3500 369 3584 qnod
392 3518 548 3584 nunqnam
571 3501 674 3565 licet«
727 3500 868 3582 Vnsquca
889 3501 994 3586 vero²)
1028 3501 1084 3567 »de
1111 3503 1339 3585 praegnante,‹
1364 3501 1532 3566 enuntiat:

291 3601 465 3688 rSylvestcr
485 3604 517 3668 ot
533 3602 675 3668 Corduba
691 3607 832 3668 asserunt
851 3605 887 3669 ut
904 3606 1036 3682 certum,
1059 3606 1139 3689 quod
1163 3605 1284 3670 licitum
1308 3624 1367 3670 non
1387 3612 1436 3672 est
1461 3625 1528 3670 me-

289 3705 357 3772 dico
381 3705 534 3790 applicare
555 3706 737 3772 medicinam
763 3707 934 3772 abortivam
959 3708 1060 3773 foetus
1082 3710 1152 3791 post
1180 3709 1266 3774 illius
1295 3708 1533 3784 animationem,

289 3808 412 3890 etiamsi
436 3812 522 3880 certa
545 3809 587 3874 sit
606 3809 705 3876 foetus
728 3812 759 3876 et
782 3809 893 3874 matris
915 3830 996 3876 mors
1019 3831 1055 3876 ox
1077 3811 1271 3887 infirmitate,
1293 3813 1325 3876 et
1348 3811 1406 3875 boc
1422 3830 1531 3875 verum

289 3916 354 3991 est,
389 3913 461 3996 quia
495 3932 552 3978 non
577 3913 650 3979 lieet
675 3915 805 3978 mortem
828 3913 986 3980 intendere
1009 3913 1139 3980 alicuius
1165 3913 1322 3980 velillum
1347 3915 1531 3989 accelerare,

289 4017 325 4082 ul
344 4016 424 4082 alins
447 4017 593 4095 salvetur,
616 4018 688 4100 quia
712 4019 759 4082 est
782 4018 918 4084 medium
941 4018 1086 4084 illicitum
1110 4019 1284 4094 intrinsece,
1311 4017 1389 4100 quod
1411 4037 1447 4083 ex
1472 4018 1533 4082 fine

289 4138 346 4186 non
370 4122 472 4204 potest
493 4120 574 4186 effici
596 4123 718 4188 bonurn.
754 4121 850 4188 Addit
871 4124 976 4187 tamen
999 4121 1148 4201 Corduba,
1174 4123 1252 4206 quod
1277 4125 1346 4204 post
1365 4121 1532 4186 animatio·

289 4221 357 4289 nem
381 4222 455 4289 licet
478 4222 632 4307 applicare
655 4225 839 4290 medicinam
863 4226 1035 4292 sanativam
1058 4227 1155 4292 morbi
1173 4226 1292 4304 matris,
1316 4245 1394 4309 quae
1410 4225 1531 4290 nonsit

288 4345 382 4392 causa
403 4327 531 4392 abortus
553 4325 683 4405 directe,
715 4326 791 4394 licet
814 4328 965 4396 indirecte
994 4329 1064 4396 inde
1092 4331 1267 4413 sequatur«
1327 4329 1367 4394 ut
1391 4328 1474 4394 inira
1489 4327 1531 4412 5)ι

394 4481 420 4549 l)
440 4481 479 4536 Da
498 4482 564 4538 Jure
582 4483 611 4536 et
628 4481 720 4537 Inatit.
739 4481 806 4552 disp.
825 4482 858 4537 X.
878 4501 903 4538 n.
923 4484 981 4540 130.

391 4567 419 4636 2)
437 4567 478 4622 De
495 4567 594 4624 Reatit.
611 4565 636 4624 o(
652 4567 688 4625 11.
708 4568 732 4638 θ.
752 4569 777 4624 1.
794 4569 857 4625 dub.
876 4569 936 4626 Vll.
957 4589 983 4628 ιι.
1002 4571 1037 4627 26
1056 4588 1132 4642 seqq.

393 4653 421 4726 8)
439 4655 456 4708 1,
476 4671 496 4710 c.
515 4671 536 4708 c.
556 4653 609 4712 111.
628 4655 651 4723 β.
671 4655 708 4710 ll.
730 4654 792 4710 dub.
811 4655 858 4711 Vl.
880 4675 906 4712 n.
925 4657 968 4712 23.
