3142 5204
297 369 356 426 a[lc
374 371 621 442 irrepatartrarc-
633 386 670 426 cx
688 373 802 424 ciborio
820 368 1024 424 incurrendo.
1066 369 1073 392 ”
1227 348 1283 413 1³01

585 542 685 609 &ctio
709 542 740 607 ll.

308 699 358 764 De
380 699 613 783 irregularitate
636 720 674 764 coc
695 700 805 764 adoriar
827 678 1028 764 incurrendo.

155 836 282 900 Praeter
312 855 470 901 censuram
495 836 818 901 excommunicationis
844 835 899 899 viri
924 836 1122 918 procurantes
1146 835 1287 900 anorum

40 938 140 1004 ctiam
166 940 353 1004 contrahunt
375 940 651 1024 irregularitatem,
676 958 753 1022 quae
777 941 835 1016 est,
858 940 905 1003 uti
932 942 1063 1018 constat,
1088 938 1289 1021 impedimen-

40 1047 110 1107 tum
139 1044 308 1124 personale‚
334 1045 454 1126 legibus
477 1043 692 1108 ecclesiasticis
708 1045 862 1108 statutum
880 1043 1016 1107 ordinem
1038 1042 1222 1125 suscipiendi
1241 1043 1288 1106 vel

40 1149 105 1210 iam
134 1151 310 1230 susceptum
334 1148 536 1232 exercendi1).
590 1149 686 1230 Leges
715 1151 817 1210 autem
842 1147 1068 1212 ecclesiasticas
1090 1147 1122 1210 in
1145 1147 1287 1211 abortum

40 1253 164 1330 latas¹t
204 1251 318 1316 Xislrrs
343 1251 378 1316 P.
409 1252 442 1318 V.
478 1261 675 1317 renovaverat
709 1250 936 1316 Constitutione
973 1269 1065 1334 supra
1099 1251 1289 1315 memoratae

39 1353 118 1419 dd.
145 1354 196 1420 29.
220 1353 288 1420 Oct.
315 1355 396 1419 1588
426 1355 540 1420 addens
571 1355 647 1420 illud
677 1355 791 1420 Concil.
823 1355 996 1419 Tridentini
1026 1355 1218 1434 decretum³l
1247 1354 1290 1420 si·

40 1458 174 1540 rnulqna
190 1478 293 1522 omnes
310 1463 507 1540 procurantes
524 1460 665 1524 abortum
682 1459 848 1524 subiiciens
864 1461 967 1541 poenis
984 1461 1091 1523 contra
1107 1458 1290 1526 homicidias

40 1562 238 1627 volrrntarios
268 1563 395 1626 statutis
409 1563 437 1642 α)
472 1583 531 1628 non
566 1563 761 1646 distinguens
794 1563 875 1627 inter
907 1562 1022 1628 foetum
1053 1563 1224 1626 animatum
1258 1564 1290 1626 et

39 1665 263 1732 inlacrimatum.
313 1666 460 1732 »Constat
482 1666 664 1750 Gregorium
686 1667 770 1732 XIV.
793 1668 849 1730 sub
874 1667 922 1730 die
946 1667 997 1732 31.
1015 1667 1090 1730 hlaii
1108 1666 1187 1730 1591
1207 1665 1285 1730 Con-

39 1769 212 1833 stitutione
236 1789 312 1851 quae
336 1770 445 1853 incipit
471 1770 582 1835 »Sedes
607 1771 801 1852 apostolice«
833 1771 964 1853 rigorem
991 1770 1228 1836 constitutionis
1252 1769 1289 1832 il·

40 1873 107 1938 lius
134 1873 275 1937 Xistinue
298 1876 484 1956 temperasse
506 1877 538 1939 et
562 1875 821 1958 irregularitatem
855 1875 993 1957 aliasque
1023 1893 1134 1957 poenas
1158 1894 1176 1938 a
1198 1874 1290 1938 Xisto

41 1977 183 2041 imlictas
207 1978 238 2040 in
262 1982 458 2060 procurantes
482 1979 624 2044 abortum
649 1979 748 2042 iaetus
770 1979 834 2043 sira
856 1978 985 2043 animati
1008 1979 1072 2042 sire
1090 1978 1234 2043 inanimis
1251 1977 1288 2041 ad

44 2084 151 2146 foetus
174 2084 295 2146 tantum
320 2082 471 2147 animatos
494 2082 645 2148 limitasse
656 2082 711 2166 5),«ι

154 2183 240 2264 Quod
266 2185 374 2249 deinde
398 2187 512 2251 attinet
535 2186 572 2250 ad
597 2185 811 2250 incurrendam
836 2185 1097 2268 irregularitatem
1125 2205 1160 2250 ex
1184 2205 1291 2269 provo·

46 2289 172 2353 catione
193 2290 328 2368 abortus,
354 2289 551 2372 requiruntur
574 2289 763 2354 conditiones
785 2290 814 2352 in
840 2289 1022 2371 explicanda
1045 2289 1291 2354 excommunica-

44 2392 143 2458 tionis
167 2411 294 2456 censura
317 2393 444 2471 allatae,
477 2413 583 2476 nempe
613 2393 655 2457 sit
687 2413 718 2456 re
751 2412 822 2458 rora
849 2397 1047 2476 praematura
1071 2393 1205 2474 expulsio
1230 2394 1291 2458 rivi

46 2499 153 2561 leatus
176 2516 211 2560 ea
234 2499 321 2561 utero
344 2497 453 2561 matris
475 2497 593 2562 directa
620 2497 649 2562 vi
672 2498 857 2581 perpetrata.

156 2598 215 2664 Sed
241 2600 443 2666 adnotantum
467 2603 533 2668 est:

158 2705 184 2769 l.
212 2703 461 2770 »Observandum
478 2708 533 2784 est,
556 2704 819 2789 irregularitatem
836 2704 973 2787 aliasque
991 2723 1101 2786 poenas
1117 2724 1135 2768 a
1149 2704 1240 2768 Xisto
1254 2705 1288 2768 V.

0 2858 1 2865 ,
49 2809 81 2871 in
107 2809 307 2889 procurantes
331 2809 462 2873 abortuu
485 2809 590 2874 illatas
613 2829 631 2873 a
652 2809 706 2874 Pio
723 2809 777 2872 lX.
802 2808 887 2873 nullo
909 2813 999 2891 pacto
1016 2809 1180 2891 abrogatas
1196 2808 1290 2873 tuisse

49 2912 178 2995 ideoque
201 2911 302 2976 adhuc
326 2913 428 2994 rigere
451 2913 597 2978 dicendae
619 2916 707 2986 sunt,
733 2933 801 2977 curn
828 2913 858 2976 in
882 2912 1110 2978 Constitutione
1135 2914 1288 2994 »Aposto-

1 3015 2 3026 ’
50 3017 128 3079 lirae
152 3014 258 3080 Sedis«
284 3036 429 3081 censurae
452 3017 576 3102 quidem
600 3016 754 3082 limitatae
777 3017 905 3090 fuerint,
941 3035 997 3080 non
1030 3019 1133 3081 autern
1167 3037 1290 3099 poenae,

1 3193 2 3198 ἵ
51 3119 214 3184 nullitates
237 3123 385 3196 actorum,
410 3121 608 3204 privationes,
631 3119 910 3202 inhabilitatem

155 3225 186 3287 2.
214 3223 268 3286 »ln
295 3225 410 3290 Botreff
430 3224 482 3289 der
503 3223 720 3306 lrregularittt
735 3223 856 3287 bleiheu
880 3261 907 3268 -
932 3223 972 3288 da
988 3223 1070 3286 diase
1087 3223 1154 3287 eine
1170 3223 1292 3306 cigent-

51 3327 133 3392 licha
157 3327 253 3390 durch
277 3327 387 3393 Gesetn
410 3328 671 3412 ansgesprochene
691 3326 792 3392 Strata
811 3363 853 3372 -
869 3325 919 3390 dic
935 3327 1019 3390 alten
1038 3325 1291 3410 Bestimmungan

52 3432 128 3495 noch
155 3431 185 3494 in
212 3431 312 3509 Kralt‚
337 3433 415 3496 uaclr
439 3433 571 3497 walchen
596 3431 679 3495 diese
695 3450 753 3494 nur
768 3430 901 3505 aintritt‚
925 3449 1010 3494 rrenn
1026 3429 1076 3494 die
1092 3429 1292 3494 Procuration

51 3533 103 3600 dos
128 3534 227 3599 foetus
251 3535 330 3599 heim
355 3535 551 3601 mannlichen
576 3535 781 3600 Geschlachte
804 3533 881 3598 nach
905 3533 973 3597 dem
996 3533 1067 3610 40..
1096 3534 1176 3598 heim
1201 3533 1292 3597 weib-

51 3637 153 3704 lichan
187 3639 265 3704 nach
296 3638 363 3703 dem
396 3641 447 3706 80.
472 3640 557 3724 Tage
590 3639 665 3703 nach
695 3639 750 3702 der
778 3636 963 3719 Conception
995 3636 1154 3702 desselben
1185 3637 1294 3702 rerdht

157 3843 184 3911 1)
205 3846 471 3917 Boerrraphaaam,
490 3848 530 3901 Da
548 3846 806 3916 irregularitatibus.
824 3846 932 3901 Monast
950 3844 1025 3899 1863.
1044 3861 1084 3914 sq.
1099 3844 1124 3898 3.
1142 3844 1205 3900 fasc

2 3983 3 3988 ,
156 3931 184 3997 2)
203 3932 236 3986 oi.
255 3933 356 4003 Corpus
373 3934 440 3988 iuris
458 3950 516 3988 can.
533 3935 627 3989 8-10.
646 3933 674 3988 O.
693 3933 735 3988 32.
755 3950 780 4002 q.
799 3933 824 3995 2,
842 3949 865 3988 c.
884 3933 926 3986 20.
942 3931 971 3987 C.
989 3931 1014 3985 2.
1031 3947 1057 4000 q.
1076 3930 1105 3995 3;
1124 3927 1293 3984 caonas

2 4007 3 4084 l
53 4017 180 4072 homicid.
198 4017 229 4072 V.
251 4020 291 4073 12.

156 4103 184 4170 3)
204 4121 266 4159 sess.
292 4107 328 4160 14.
353 4107 386 4162 da
405 4108 452 4162 rei.
472 4124 494 4161 c.
514 4109 544 4161 l:
568 4106 614 4176 qui
642 4124 690 4162 sna
718 4107 859 4161 voluntate
884 4103 1058 4160 homicidium
1087 4103 1293 4172 perpetraverit,

52 4190 160 4244 etiamsi
179 4191 277 4245 ammon
296 4194 428 4247 occultum
448 4193 539 4258 tuerit,
560 4193 634 4248 nullo
652 4197 772 4263 tempore
790 4191 823 4246 ad
841 4208 928 4247 saeros
947 4191 1051 4246 ordines
1069 4187 1217 4257 promoveri
1235 4205 1293 4257 pos·

2 4311 3 4348 ;
52 4277 94 4340 sit,
114 4291 164 4329 nac
181 4275 224 4328 illi
240 4276 331 4360 aliqua
349 4279 529 4334 ecclesiastica
547 4279 682 4344 beneficia,
703 4279 809 4334 etiamsi
828 4295 918 4332 cunm
936 4294 987 4332 non
1002 4276 1120 4332 habram
1134 4274 1293 4338 animarum,

52 4363 174 4416 conterre
191 4361 281 4428 liceat,
299 4365 346 4419 aad
363 4365 434 4418 omui
453 4364 546 4420 ordina
566 4365 693 4420 beneflcio
712 4369 739 4418 et
758 4364 845 4420 olflcic
863 4361 1042 4420 ecclesiastico
1055 4363 1183 4430 perpetuo
1195 4361 1294 4415 careat.

155 4449 184 4516 4)
203 4447 236 4503 ci.
255 4448 332 4520 Corp.
352 4452 369 4504 i.
391 4467 412 4505 c.
430 4467 452 4506 c.
471 4451 496 4506 4.
516 4451 594 4506 6-8.
613 4450 682 4506 Dist
701 4452 750 4514 50;
767 4467 789 4506 c.
807 4451 902 4506 7-18.
920 4450 955 4506 24
973 4449 1007 4506 X.
1026 4448 1059 4506 de
1078 4445 1173 4504 hornia
1188 4445 1292 4502 rolant.

54 4551 75 4588 r.
93 4534 197 4590 casual.
217 4535 247 4590 V.
266 4537 295 4602 23
314 4554 335 4592 c.
355 4537 424 4592 unic.
443 4535 476 4592 da
495 4536 591 4592 hamio.
609 4537 638 4590 in
657 4535 739 4592 Clam.
758 4537 792 4592 V.
809 4537 834 4592 l.

158 4622 187 4688 5)
209 4624 372 4689 Pcnnncht,
391 4623 409 4678 l.
427 4640 448 4677 c.
466 4639 527 4692 pag.
547 4624 587 4677 11.

158 4709 187 4779 6)
206 4711 373 4778 Pennocht,
392 4709 409 4764 1.
428 4726 449 4766 c.
468 4726 530 4780 pag.
549 4709 591 4764 27.
