3142 5204
265 280 308 348 22
449 299 659 364 Heidcrvrelct,
681 299 759 354 Diae.
778 301 814 354 in
832 303 893 358 cus.
912 302 967 356 alt.
989 304 1084 356 const.
1106 301 1209 370 Apoet
1229 297 1324 356 Sedc'c.

267 473 419 550 carnibus,
443 471 562 538 essibus
585 471 617 536 et
640 471 740 536 nervis
763 473 883 537 nonnisi
905 473 944 537 ad
963 471 1193 557 praegnationis
1209 491 1345 538 mensem
1364 471 1523 538 ultimum

266 578 397 644 vestitus
420 575 625 661 inveniturl).
671 577 748 659 Ergo
772 575 933 642 dicendum
959 576 1055 654 foret,
1079 627 1086 642 .
1113 627 1118 640 .
1144 627 1151 640 .
1176 578 1241 642 toto
1264 581 1401 662 ternpore
1422 581 1525 642 ante-

265 682 338 747 riori
371 681 506 746 animam
543 680 723 745 rationalem
761 681 894 746 nondum
929 680 1080 761 adfuisse,
1116 682 1196 765 quod
1220 681 1386 746 absurdum
1408 685 1458 746 est
1486 684 1526 746 et

267 786 478 852 damnatura«

369 913 448 981 Jobo
472 934 506 980 eo
529 916 595 980 loco
619 914 746 979 minime
769 915 801 980 in
825 915 927 980 animo
951 916 1054 996 fuisse,
1079 918 1179 982 ortum
1208 915 1366 981 hominum
1396 915 1525 982 descri-

266 1021 347 1100 bere,
371 1021 460 1104 patet
482 1019 575 1084 etiem
601 1037 635 1083 ex
659 1038 704 1102 cp.
724 1019 784 1099 III,
809 1022 838 1088 3.
863 1020 916 1085 ubi
938 1020 1072 1104 legitur:
1097 1021 1202 1104 pereat
1224 1069 1230 1086 .
1249 1070 1280 1086 ..
1306 1039 1371 1100 nox,
1396 1021 1525 1105 inqua

267 1126 386 1191 dictum
410 1127 475 1192 est:
500 1123 672 1207 Conceptus
694 1126 741 1189 est
763 1125 863 1189 horno.

373 1255 503 1322 Maioris
527 1255 673 1321 momenti
697 1255 908 1321 videturesse
931 1255 1024 1322 Exod.
1052 1254 1111 1332 21,
1136 1256 1177 1320 22
1201 1257 1233 1321 et
1254 1256 1315 1322 23:
1347 1254 1398 1322 »Si
1418 1256 1523 1322 rixati

205 1437 208 1444 ,
269 1359 384 1426 fuerint
406 1359 481 1435 viri,
506 1361 537 1423 et
559 1360 741 1442 percusserit
760 1360 830 1444 quis
853 1360 1011 1424 mulierem
1037 1362 1259 1443 praegnantem
1283 1361 1314 1424 et
1336 1360 1522 1425 abortivum

267 1463 392 1548 quidem
416 1464 533 1539 fecerit,
558 1464 610 1528 sod
636 1464 701 1547 ipsa
722 1465 847 1529 vixerit:
872 1457 1044 1529 subiacebit
1066 1463 1189 1540 damno,
1212 1465 1361 1547 quantum
1379 1464 1524 1530 maritus

267 1568 405 1634 mulieris
428 1567 590 1651 expetierit
613 1570 645 1632 et
666 1567 777 1634 arbitri
800 1567 1014 1645 iudicaverint,
1038 1568 1086 1632 sin
1110 1570 1215 1633 autem
1240 1587 1321 1632 mors
1336 1567 1403 1633 eins
1418 1567 1524 1634 fuerit

266 1673 448 1750 subsecuta,
485 1672 593 1736 reddet
625 1671 759 1738 animam
783 1691 837 1755 pro
859 1672 992 1738 anima«
1040 1673 1086 1737 lta
1113 1671 1261 1756 Vulgata.
1289 1673 1523 1756 »Paraplvrasis

211 1820 215 1828 -
268 1775 472 1860 Chaldaica2)
496 1774 658 1853 Onkelosi,
692 1777 723 1840 et
747 1795 869 1854 omnes,
898 1779 932 1842 ut
955 1776 1104 1855 arbitror,
1138 1775 1289 1842 versiones
1312 1776 1523 1842 immediatae

266 1880 340 1945 libri
357 1881 452 1946 Exodi
477 1899 547 1946 enm
567 1880 705 1964 Vulgata
719 1881 904 1946 conveniunt
926 1931 958 1946 ..
982 1930 999 1958 .,
1023 1887 1056 1944 at
1072 1880 1237 1957 versiones,
1261 1899 1339 1964 quae
1359 1881 1521 1964 originem

266 1986 383 2051 ducunt
406 1985 443 2050 ab
460 1983 674 2068 Septuaginta,
699 1987 733 2048 ut
750 1984 889 2069 Symeon,
917 1985 1084 2068 llxaplaris‚
1106 1985 1271 2050 Armenion
1286 1986 1355 2064 cte,
1377 1986 1523 2050 retinent

267 2089 436 2155 versionem
461 2090 579 2165 textus,
615 2091 706 2172 prout
741 2089 821 2172 apud
857 2087 1063 2173 Septuaginta
1099 2088 1260 2157 hebetum
1307 2088 1524 2174 Septuaginta

268 2195 373 2259 autem
397 2193 581 2276 interpretes
604 2193 736 2277 citatum
760 2193 944 2264 versiculum
968 2213 1003 2258 ex
1024 2193 1169 2260 hebraico
1186 2195 1273 2258 textu
1289 2193 1335 2257 ita
1351 2197 1521 2260 veterunt:

272 2298 377 2379 »Quod
402 2298 428 2362 si
452 2297 624 2380 litigabunt
649 2298 709 2362 duo
739 2297 798 2363 viri
822 2299 853 2362 et
876 2298 1083 2380 percusserint
1105 2297 1264 2362 mulierem
1288 2301 1520 2380 praegnantem

270 2405 302 2468 et
326 2402 433 2466 exierit
455 2401 556 2466 intans
579 2402 644 2467 eius
669 2403 804 2468 nondum
827 2403 987 2480 formatus,
1012 2402 1231 2468 detrimentum
1245 2402 1390 2484 patietur,
1415 2421 1521 2486 qnan-

269 2508 339 2572 tum
366 2506 511 2570 indixerit
542 2506 589 2571 vir
619 2506 742 2572 mulieri
772 2509 803 2572 et
827 2507 914 2572 dabit
937 2525 1006 2570 cum
1030 2507 1153 2572 honore.
1200 2506 1286 2588 Quod
1312 2507 1336 2571 si
1361 2505 1520 2572 formatus

266 2611 370 2686 luerit,
394 2610 481 2674 dabit
505 2610 640 2675 animam
658 2630 711 2694 pro
728 2610 874 2695 animal).
902 2612 1000 2676 nune
1017 2613 1157 2694 artene)
1174 2611 1296 2694 Disput.
1311 2612 1399 2696 phys.
1414 2612 1519 2691 tenet,

267 2714 453 2778 Hebraicum
470 2763 478 2778 .
497 2766 502 2780 .
521 2764 528 2779 .
545 2715 664 2779 textum
689 2714 727 2779 ad
751 2715 886 2780 litteram
911 2715 957 2780 ita
980 2716 1080 2782 verti:
1106 2716 1166 2780 »nt
1186 2735 1256 2780 cnm
1284 2714 1380 2779 vixati
1397 2715 1523 2782 luerint

268 2818 326 2884 viri
349 2819 381 2882 et
404 2818 610 2901 percusserint
627 2819 786 2884 mulierem
803 2822 1026 2904 praegnantem
1043 2823 1074 2884 et
1090 2820 1206 2904 egressi
1220 2819 1336 2885 luerint
1352 2819 1418 2883 nati
1436 2819 1521 2899 eine,

268 2924 299 2987 et
321 2914 389 2986 non
404 2923 497 2988 fuerit
520 2942 618 3001 mors,
643 2923 796 3006 puniendo
819 2925 1003 3006 punientur,
1035 2924 1295 3008 quemadmodum
1329 2923 1523 3006 imposuerit

268 3044 358 3110 super
380 3046 448 3092 eum
473 3027 614 3093 dominus
635 3027 782 3107 mulieris,
807 3030 838 3093 et
861 3028 948 3093 dabit
970 3029 1002 3093 in
1022 3028 1193 3104 iudicibus;
1218 3031 1248 3094 et
1265 3029 1292 3092 si
1308 3047 1390 3092 mors
1407 3027 1522 3108 luerit,

267 3130 355 3196 dabis
379 3132 515 3197 animam
539 3151 593 3215 pro
619 3132 752 3199 anima«
796 3133 840 3198 lix
870 3133 928 3198 hac
950 3131 1067 3216 triplici
1093 3132 1231 3199 versione
1254 3132 1350 3198 allata
1375 3135 1519 3213 emanat,

267 3237 385 3300 textum
418 3255 483 3302 esse
518 3243 697 3319 corruptum
729 3257 764 3302 ex
798 3255 893 3320 eoque
923 3236 1059 3302 solidum
1087 3239 1304 3320 argumentum
1336 3256 1435 3321 neque
1460 3257 1522 3320 pro

268 3340 408 3424 opinione
428 3343 534 3406 nostra
557 3360 654 3425 neque
678 3344 783 3407 contra
806 3341 926 3406 desumi
949 3343 1088 3426 posse5).

371 3471 415 3536 le
438 3471 567 3536 Levitiei
590 3471 700 3537 deinde
727 3472 828 3555 eapite
860 3471 1038 3538 duodecimo
1069 3472 1169 3556 quoad
1200 3471 1414 3537 formationem
1448 3491 1523 3538 em-

265 3573 415 3662 bryonum
440 3580 471 3640 et
493 3575 678 3642 infusionem
694 3576 814 3643 animae
829 3578 1046 3660 argumentum
1066 3576 1187 3642 desumi
1202 3595 1260 3641 non
1278 3577 1395 3658 potest3
1420 3595 1520 3646 nam:

269 3679 318 3743 »in
351 3681 438 3745 textu
468 3681 601 3747 Levitici
633 3681 712 3746 nihil
742 3681 934 3760 continetur,
969 3681 1049 3746 unde
1084 3681 1122 3744 ad
1156 3680 1376 3746 animationem
1410 3679 1521 3748 foetus

267 3784 447 3850 concludere
469 3785 575 3867 possis.
607 3785 708 3866 Quare
731 3785 795 3850 iam
815 3785 897 3851 inter
920 3788 1038 3852 veteres
1059 3784 1220 3869 theologos
1242 3786 1373 3852 Loesius
1384 3784 1409 3869 ⁶)
1432 3784 1521 3852 hanc

369 4031 395 4100 1)
415 4031 543 4087 ›Menuel
560 4030 592 4086 de
610 4029 740 4086 medicine
760 4031 866 4101 legala‹
889 4047 914 4100 p.
934 4032 999 4087 155:
1024 4048 1076 4085 »uu
1102 4047 1191 4100 uoyan
1210 4027 1402 4084 d’ossification
1426 4027 1460 4083 de
1487 4031 1519 4086 la

266 4117 400 4189 grandeur
430 4120 462 4174 de
492 4136 528 4174 un
558 4119 713 4174 millimetre
741 4118 869 4189 indique,
901 4135 952 4188 que
980 4119 1007 4174 la
1038 4119 1193 4186 conception
1224 4115 1288 4172 date
1317 4114 1349 4170 de
1378 4117 1411 4170 37
1435 4115 1453 4170 a
1479 4119 1519 4176 38

267 4205 424 4260 semines«

369 4291 397 4360 2)
415 4293 478 4350 Jos.
503 4295 667 4356 Perennem,
686 4294 727 4347 De
745 4292 840 4348 abortu
860 4296 887 4348 et
903 4293 1098 4360 embryotomia
1115 4295 1163 4348 eto.
1186 4291 1287 4346 Rornae
1301 4291 1376 4354 1874.
1392 4307 1455 4362 pag.
1469 4293 1518 4348 58.

369 4376 396 4445 3)
419 4380 583 4444 Pennaelri,
603 4380 620 4433 l.
640 4395 661 4434 c.
679 4396 742 4449 pag.
762 4379 805 4435 57.

368 4464 396 4532 4)
415 4464 433 4518 l.
452 4481 472 4521 c.
491 4481 553 4534 pag.
572 4466 629 4522 183.

369 4550 396 4620 5)
414 4549 448 4606 ci.
471 4553 636 4616 Perennem,
654 4552 673 4606 l.
692 4567 713 4606 c.
733 4553 760 4606 et
783 4556 814 4606 ri.
835 4553 878 4617 E..
897 4552 915 4607 l.
934 4570 954 4607 c.

369 4636 397 4705 6)
415 4637 455 4692 De
472 4635 560 4705 justit.
577 4641 605 4694 et
619 4637 679 4706 jure
697 4637 744 4692 lib.
763 4637 787 4694 2.
807 4655 846 4706 cp.
866 4641 891 4694 9.
910 4638 972 4694 dub.
994 4639 1035 4695 lo.
1116 4703 1119 4710 ‚
