3142 5204
287 315 306 394 2
472 326 682 410 Ηεὶᾶεηνείοὴ,
704 331 781 400 Diss.
799 333 834 400 tn
853 351 915 400 eds.
936 335 989 399 alr.
1010 340 1105 400 consi.
1126 335 1230 414 Aposl.
1249 333 1343 400 Sedis.

391 519 470 600 Quin
501 519 562 583 imo
592 518 671 583 illurl
695 518 795 584 civille
827 517 1032 582 humanitatis
1064 537 1177 600 genus,
1207 517 1287 601 quod
1320 517 1438 582 sanctis
1473 513 1542 580 Ide·

285 625 399 692 umiae
423 623 570 689 doctrinis
594 624 625 688 ot
647 623 769 707 legibus
792 641 827 686 err
849 621 975 686 adverso
999 624 1167 706 repugnet,
1199 641 1258 685 non
1291 622 1371 685 alius
1403 623 1464 685 ulsi
1494 623 1542 685 ci⁴

287 730 356 795 vilis
379 729 481 793 cultus
506 727 688 810 figmentum
713 729 744 792 et
764 726 820 791 abs
844 746 874 790 re
899 745 1008 791 nomon
1031 726 1122 790 inane
1146 726 1318 808 putandum
1342 728 1398 792 est.

391 832 485 898 Cuius
508 833 552 895 rei
577 831 740 896 manifesto
760 832 833 895 sunt
849 833 1031 913 argumento
1049 831 1150 913 populi
1168 829 1225 908 illi,
1249 831 1334 912 queis
1351 831 1542 912 euangelica

285 939 336 1003 lux
360 956 417 1001 uon
439 935 567 1013 affulsit,
588 955 715 1018 quorum
741 937 772 999 in
796 935 861 999 vita
885 933 971 999 fucus
988 935 1114 1018 quidam
1132 935 1323 999 humanioris
1339 934 1441 998 cultus
1460 953 1542 998 con·

282 1043 362 1126 spici
389 1041 505 1123 potuit,
534 1043 568 1104 at
591 1040 688 1104 solida
710 1044 741 1105 et
765 1058 836 1104 vera
859 1039 925 1104 eius
949 1040 1027 1104 bona
1052 1057 1110 1104 non
1134 1039 1309 1123 riguerunt.
1356 1039 1542 1122 Haudqua-

284 1166 377 1230 quam
400 1165 473 1209 sane
496 1144 595 1208 civilis
619 1143 700 1209 ritae
728 1145 874 1227 perfectio
898 1163 934 1208 ea
956 1143 1096 1208 ducenda
1119 1145 1182 1222 est,
1215 1163 1276 1226 qua
1304 1144 1448 1228 legitima
1477 1163 1542 1226 po·

284 1253 382 1316 testas
406 1249 552 1314 arulaeter
575 1249 802 1325 contemuitur·;
836 1268 932 1332 neque
955 1267 990 1312 ea
1014 1248 1142 1312 libertas
1163 1247 1350 1331 reputanda,
1383 1267 1464 1330 quae
1488 1249 1542 1311 es·

285 1354 363 1420 lrcni
394 1373 529 1418 errorum
562 1352 797 1435 propagatione,
835 1353 936 1434 pravis
970 1351 1194 1434 cupiditatibus
1229 1353 1324 1416 libere
1360 1351 1542 1434 explendis,

285 1459 472 1542 impunitate
502 1456 694 1540 flagitiorum
718 1460 750 1521 ot
773 1457 940 1534 scelerum,
972 1457 1165 1539 oppressione
1197 1457 1382 1539 optimorum
1413 1457 1542 1521 elutum

284 1563 430 1645 cuiusque
453 1561 569 1626 ordinis
593 1561 726 1644 turpiter
749 1564 781 1626 et
805 1563 914 1625 misere
940 1563 1112 1642 grassatur.

388 1667 567 1732 cumcuim
591 1685 732 1744 erronea,
764 1685 859 1748 prava
882 1667 913 1730 et
933 1667 1047 1729 absona
1071 1666 1147 1729 haec
1175 1667 1254 1743 sint,
1287 1684 1342 1729 non
1371 1684 1439 1729 earn
1468 1667 1542 1732 rinr

284 1772 419 1855 prolecto
452 1771 583 1848 babent,
619 1772 652 1834 ut
688 1770 855 1834 humanam
892 1770 1041 1834 Iamiliam
1077 1769 1237 1853 perficiant
1267 1773 1297 1833 et
1325 1771 1542 1852 prosperitate

283 1878 447 1952 fortunent,
472 1875 598 1939 miseros
621 1875 700 1938 enim
719 1874 794 1938 facit
810 1874 937 1957 populos
956 1875 1115 1956 peccatum
1128 1874 1169 1958 1);
1193 1875 1246 1938 sed
1262 1875 1385 1938 omnino
1403 1894 1540 1941 necesse

282 1983 345 2058 est,
370 1981 405 2044 ut
427 1979 581 2043 mentibus
605 1982 637 2043 ot
660 1978 802 2043 cordibus
827 1978 996 2062 corruptis,
1032 1979 1097 2061 ipsa
1126 1979 1157 2042 in
1182 1997 1301 2042 omnem
1327 1977 1426 2042 labem
1451 1999 1542 2060 pou-

281 2085 353 2148 dere
376 2064 435 2148 ειιό
446 2084 574 2167 populos
590 2082 765 2162 detrudant,
791 2091 909 2147 rectum
925 2099 1076 2166 quemque
1092 2081 1229 2146 ordinem
1245 2082 1433 2147 labefactent
1452 2135 1459 2148 .
1477 2133 1483 2145 .
1505 2111 1538 2150 ,α

386 2188 506 2252 Haecce
530 2187 622 2251 rerba
645 2205 663 2252 a
686 2206 865 2270 »supremae
887 2186 1026 2251 iustitiae
1048 2187 1177 2251 throno«
1203 2187 1325 2270 (Xistus
1345 2188 1392 2269 V.)
1418 2207 1542 2270 nempe

283 2293 321 2357 ab
343 2292 440 2357 Leone
458 2293 542 2375 Papa
555 2291 636 2356 XIII
650 2292 681 2356 in
699 2291 920 2357 constitutione
941 2291 1159 2356 ›Inscrutabili
1173 2291 1249 2355 Dei«
1271 2290 1299 2356 d.
1314 2291 1342 2354 d.
1358 2291 1407 2354 21.
1425 2293 1540 2372 April.

283 2398 367 2463 1878
398 2397 517 2480 prolata
545 2415 614 2462 cum
646 2395 710 2460 alia
740 2395 899 2460 hominurn
933 2396 1010 2460 ritis
1039 2398 1105 2461 turn
1129 2395 1282 2480 imprImis
1312 2395 1426 2460 feriunt
1459 2400 1536 2462 »ef—

281 2501 452 2566 fraenatam
475 2500 752 2583 perditissimorum
772 2501 1060 2566 hominumcontra
1083 2500 1204 2565 divinae
1228 2499 1306 2583 legis
1325 2505 1532 2583 praeceptum

281 2605 319 2670 de
340 2624 398 2670 non
422 2604 588 2670 occidendo
617 2604 763 2688 peccandi
795 2604 957 2668 audaciam
990 2606 1082 2689 atque
1102 2603 1287 2681 licentiam,
1318 2606 1535 2672 sanctiSsimis

281 2709 403 2794 legibus
425 2709 579 2792 variisque
603 2709 875 2776 constitutionibus
899 2709 1020 2793 saepius
1042 2727 1224 2792 repressam,
1250 2759 1256 2772 .
1279 2758 1286 2772 .
1308 2760 1315 2773 .
1340 2711 1391 2792 qui
1413 2711 1538 2776 imma-

280 2815 366 2878 turos
391 2813 490 2878 foetus
512 2813 596 2878 intra
620 2816 759 2878 materna
781 2813 897 2878 viscera
916 2814 1017 2879 adbuc
1033 2813 1166 2878 latentes
1183 2813 1394 2878 crudelissime
1414 2834 1534 2880 necare

280 2937 340 2982 non
365 2919 518 2983 verentur.
570 2918 647 3000 Quis
671 2918 752 2984 onim
777 2939 836 2983 non
860 2919 1032 2984 detestetur
1059 2923 1124 2982 tarn
1148 2918 1367 2982 exsecrandum
1392 2917 1535 2998 facinus,

279 3013 331 3104 per
353 3022 433 3105 quod
455 3023 568 3086 nedum
590 3041 766 3105 corporum,
791 3023 842 3086 sed
866 3023 947 3105 quod
971 3023 1096 3106 gravius
1121 3025 1188 3099 est,
1220 3023 1314 3086 etiam
1346 3022 1532 3090 animarum

279 3129 364 3192 certa
385 3126 506 3192 iactura
531 3126 694 3209 sequitur?
723 3125 800 3206 Quis
824 3146 881 3191 non
907 3126 1100 3210 gravissimis
1116 3125 1276 3209 suppliciis
1295 3125 1421 3190 damnet
1437 3128 1535 3194 illius

277 3231 482 3314 impietatem,
507 3231 558 3314 qui
582 3229 717 3295 animam
743 3231 799 3295 Dei
824 3231 959 3314 imagine
982 3231 1174 3313 insignitam,
1198 3249 1249 3313 pro
1265 3249 1326 3314 qua
1344 3231 1532 3299 redimenda

278 3334 421 3400 Christus
446 3335 595 3400 Dominus
617 3338 718 3400 noster
741 3336 907 3417 pretiosum
932 3335 1111 3418 sanguinem
1137 3334 1235 3412 fudit,
1261 3337 1405 3398 aeternae
1428 3355 1530 3419 capa-

277 3457 342 3504 cem
368 3439 569 3504 beatitudinis
593 3440 625 3503 et
651 3439 688 3504 ad
720 3439 906 3503 consortium
941 3439 1130 3521 Angelorum
1161 3438 1349 3502 destinatam
1382 3458 1401 3502 a
1431 3439 1532 3508 beata

278 3543 334 3607 Dei
364 3543 480 3608 rIsione
510 3543 660 3621 exclusit,
694 3544 920 3626 reparationem
944 3543 1123 3607 coelestium
1147 3543 1288 3620 sedIum,
1313 3547 1462 3625 quantum
1491 3548 1542 3611 in'

276 3647 343 3730 ipso
375 3647 449 3726 fuit,
484 3646 666 3730 impedivit,
695 3647 759 3711 Dee
789 3647 949 3712 servitium
981 3666 1054 3711 suae
1085 3649 1245 3712 creaturae
1274 3646 1418 3711 ademIt?
1461 3649 1529 3730 Qui

276 3751 388 3816 liberos
411 3751 495 3834 prius
519 3752 584 3817 vila
607 3752 755 3836 privarit,
791 3771 883 3834 quam
920 3751 967 3815 illi
990 3771 1008 3814 a
1032 3754 1143 3815 natura
1165 3751 1318 3834 propriam
1341 3752 1442 3817 lucem
1465 3772 1525 3819 ac-

276 3857 376 3940 cipere
399 3861 454 3921 aut
477 3875 509 3921 sc
533 3855 664 3933 materni
695 3857 835 3921 custodIa
863 3856 997 3938 corporis
1027 3855 1065 3919 ab
1096 3855 1224 3920 efferata
1253 3856 1384 3920 saevitia
1415 3859 1527 3940 tegere

276 3959 513 4046 potuerint²)i‹
681 4041 684 4046 ,

380 4064 565 4148 Magnopere
597 4065 721 4149 quidem
750 4065 938 4148 querendum
968 4065 1033 4142 ost,
1065 4063 1144 4146 quod
1176 4083 1273 4149 neque
1301 4065 1412 4146 spiritu
1435 4067 1525 4132 cbri-

274 4169 375 4234 stiano
399 4188 496 4254 neque
516 4170 628 4234 studiis
653 4169 859 4234 humanitatis
880 4167 1089 4232 crescentibus
1114 4169 1223 4233 sltium
1247 4168 1324 4232 illud
1346 4170 1523 4238 immenea

274 4273 365 4339 Xisto
389 4273 424 4337 V.
450 4273 550 4339 verbis
573 4274 637 4338 illis
661 4273 782 4338 acribus
805 4272 928 4357 quidem
956 4272 1009 4336 sed
1038 4272 1170 4338 maxime
1199 4273 1280 4355 aptis
1314 4277 1453 4337 notatum
1484 4298 1524 4342 ex

276 4377 442 4443 visceribus
465 4379 646 4462 populorum
670 4377 795 4462 penitus
818 4377 980 4460 exstirpari
1004 4377 1117 4458 potuit.

379 4491 523 4573 Quinimc
566 4491 614 4558 his
652 4491 843 4573 temporibus
888 4489 999 4572 spiritu
1046 4488 1214 4554 christiano
1250 4489 1443 4556 decrescente
1489 4495 1523 4562 iu

376 4628 406 4790 dl)
423 4627 568 4772 {idtvdslli'
584 4631 842 4774 &constitutiones
862 4715 1075 4770 »Effracnatam
1096 4715 1158 4773 dd.
1176 4717 1220 4772 29.
1238 4715 1331 4772 Octob.
1353 4716 1429 4771 1588.
