3142 5204
363 317 497 374 Adortus
516 301 692 386 artificialis
712 309 742 371 ct
761 320 981 373 crantotorna'a.
1071 292 1073 300 Ι
1250 287 1289 368 6³7

39 495 108 568 stat,
134 492 235 556 licere
259 509 321 554 una
344 507 437 553 causa
459 489 533 553 duos
555 487 682 552 effectus
706 487 880 570 producere,
904 489 1017 552 bouum
1041 489 1162 554 scilicet
1178 493 1210 554 et
1226 510 1292 555 ma·

41 597 118 674 ium;
155 613 233 658 nam
259 592 359 675 prime
384 592 517 657 conditio
541 591 572 655 in
597 591 652 655 tali
673 610 746 655 casu
770 593 834 668 est,
864 591 1009 655 effectum
1041 593 1154 656 bouum
1177 595 1291 659 saltem

41 717 136 780 aeque
162 697 350 762 immediate
371 696 456 779 sequi
480 698 572 777 atque
596 695 739 758 effectum
763 695 893 772 bonum3
916 695 967 759 hic
991 696 1095 760 autem
1117 715 1165 761 res
1187 717 1293 763 econ-

42 801 136 865 trario
161 821 200 866 se
220 800 326 866 habet.

57 991 188 1057 Omisso
204 989 318 1055 obortu
333 990 447 1055 directo
464 991 510 1054 oct
527 989 733 1054 crantotonor'o
747 994 848 1052 mater
862 1008 922 1051 aon
941 989 1112 1053 saturatum
1128 989 1274 1056 admittit.

143 1128 279 1193 Nemini
302 1127 376 1191 licet
398 1127 530 1210 seipsum
554 1127 701 1201 occidere,
724 1128 811 1190 tenet
835 1125 921 1189 aliud
951 1129 1179 1208 argumentum,
1205 1131 1291 1212 atqui

40 1235 152 1297 omisso
189 1232 304 1296 abortu
336 1233 393 1296 cto.
435 1232 534 1295 mator
572 1249 604 1294 se
647 1222 748 1292 dedit
765 1231 868 1293 certae
901 1230 1014 1310 morti,
1049 1250 1122 1312 ergo
1156 1234 1293 1310 tenetur,

41 1337 191 1400 abortum
216 1335 277 1400 etc.
301 1351 470 1417 procurare.

145 1439 269 1502 Verum
293 1440 357 1513 est,
386 1433 500 1502 nemini
521 1437 613 1501 licere
644 1456 675 1500 se
699 1437 814 1501 directe
837 1437 993 1516 occidere,
1014 1437 1098 1521 ¹quin
1130 1441 1290 1520 peccatum

40 1543 175 1608 mortale
199 1542 388 1606 committat.
435 1540 578 1621 Quinimo
601 1541 731 1624 quilibet
753 1542 876 1604 tenetur
897 1543 993 1606 vitam
1010 1561 1096 1607 suam
1113 1561 1292 1608 conservare

40 1647 151 1712 mediis
179 1644 347 1708 ordinariis
370 1646 402 1707 et
424 1644 591 1720 consuetis,
624 1644 744 1708 scilicet
772 1663 806 1708 or
836 1663 902 1709 sese
925 1645 1031 1711 licitis.
1077 1646 1164 1710 Unde
1189 1647 1290 1712 homi·

40 1753 156 1815 sidium
184 1751 219 1814 et
242 1746 407 1811 suicidium
422 1746 584 1822 directum,
607 1748 813 1812 voluntarium
836 1766 956 1831 semper
979 1749 1010 1812 et
1033 1767 1086 1832 pro
1109 1768 1229 1833 semper
1252 1751 1290 1814 il·

39 1856 163 1920 licitum
176 1855 213 1934 ¹).
247 1850 347 1931 Quare
367 1871 403 1915 ne
426 1851 572 1915 damnato
595 1851 719 1934 quidem
743 1853 782 1916 ad
808 1854 936 1916 mortem
959 1852 1035 1917 licet
1058 1853 1119 1918 nisi
1142 1853 1284 1937 legitimo

40 1961 120 2024 iussu
141 1957 182 2020 in
207 1974 241 2019 se
262 1956 367 2038 exequi
383 1954 615 2032 sentennaco.
642 1953 803 2018 ¹ol‘ricitum
826 1955 931 2019 tamen
954 1956 1010 2033 est,
1035 1956 1118 2020 iusta
1141 1955 1177 2020 de
1194 1976 1289 2022 causa

40 2062 160 2146 aliquid
185 2061 290 2124 tacere
313 2059 361 2122 vei
383 2058 536 2134 omittere,
562 2058 641 2122 nude
664 2061 748 2122 certo
770 2059 868 2124 scitur
889 2061 1011 2141 praeter
1035 2061 1170 2125 nostram
1188 2060 1290 2126 iuteo·

40 2169 158 2232 tionem
184 2182 269 2227 mors
292 2164 500 2243 soraterra<
531 2162 658 2244 Iusnper
682 2161 847 2244 diligenter
863 2162 1096 2240 observandum,
1122 2163 1291 2229 aliudesse

40 2271 72 2334 ad
94 2271 242 2334 mortem
264 2285 351 2330 suam
374 2266 474 2330 active
494 2285 682 2343 concurrere,
705 2265 785 2348 quod
803 2265 936 2348 proxime
952 2285 987 2329 ac
1004 2265 1119 2334 directe
1134 2285 1290 2351 nunquam

40 2375 129 2449 licet,
169 2369 259 2435 aliud
290 2387 359 2432 vero
382 2368 536 2451 propriam
560 2370 689 2432 mortem
713 2369 892 2451 permittere
919 2388 973 2434 seu
995 2369 1032 2432 ab
1057 2369 1154 2434 altero
1177 2371 1291 2436 iniuste

40 2475 239 2545 inferendam
254 2472 375 2537 fortiter
390 2473 533 2555 perterre,
550 2474 605 2536 aut
621 2475 727 2538 contra
746 2473 806 2537 vim
822 2473 969 2537 iniustam
986 2491 1017 2537 se
1034 2492 1091 2536 nou
1108 2472 1286 2551 defendera;

40 2585 94 2647 hoc
118 2580 211 2645 enirn
236 2595 326 2658 saepe
349 2575 488 2654 licitum,
511 2575 587 2658 quin
609 2576 765 2640 interdum
788 2576 820 2639 in
844 2578 1005 2659 praecepto
1033 2577 1166 2659 positum
1194 2579 1292 2662 est4).

41 2688 87 2750 Ita
110 2699 246 2749 omnes:
278 2679 357 2744 uude
380 2680 534 2757 auctores,
562 2699 749 2763 quamquam
773 2678 972 2762 permittunt,
1004 2681 1111 2744 contra
1137 2680 1290 2746 iniustum

41 2791 122 2853 ritae
146 2801 342 2868 egressuram
366 2783 426 2847 vim
452 2784 480 2848 vi
506 2783 667 2864 repellere,
703 2783 762 2846 etsi
790 2783 845 2846 fiat
868 2801 937 2848 cum
961 2783 1072 2848 iniusti
1099 2785 1287 2868 aggressoris

41 2891 215 2966 occisione,
240 2888 345 2950 tamen
368 2887 525 2962 asserunt,
550 2885 736 2950 charitatem
760 2885 940 2966 suaderc⁶),
965 2887 1132 2969 aliquando
1156 2889 1287 2972 exigere,

43 3001 74 3060 ut
97 3012 161 3078 ego
184 2991 287 3074 potius
310 2991 437 3054 mortem
461 2990 588 3054 subeam
598 2992 640 3071 ⁶),
672 2989 817 3053 nimirum
847 3009 916 3054 raro
938 2991 1064 3073 quidem
1088 2993 1218 3076 exigere,
1243 3011 1284 3057 sc.

43 3099 168 3180 qnando
196 3097 299 3159 certus
325 3113 409 3169 sum,
439 3111 649 3177 aggressorem
686 3093 889 3158 materialiter
923 3096 1047 3159 tantum
1081 3095 1231 3162 iniustum
1260 3098 1291 3160 in

44 3207 127 3267 statu
152 3198 273 3282 peccati
296 3216 361 3262 esse
384 3199 476 3280 atque
498 3215 566 3279 spes
590 3196 729 3280 affulget,
753 3216 823 3261 eum
848 3198 953 3280 postea
976 3198 1108 3264 salutem
1132 3203 1290 3265 aeternam

46 3305 295 3372 assecuturum«

152 3407 195 3471 at
217 3406 285 3468 ideo
307 3405 398 3468 matri
427 3404 557 3467 honesta
586 3421 678 3466 causa
709 3405 884 3484 praesente,
915 3402 984 3470 ie.
1011 3405 1123 3469 salutis
1148 3409 1292 3470 aeternae

46 3512 158 3578 intanti
188 3508 394 3591 procurandae
427 3508 545 3590 gratia,
583 3509 712 3570 mortem
733 3508 835 3571 subire
860 3507 964 3584 licere,
1000 3527 1089 3572 uerno
1114 3509 1287 3592 negaverit,

47 3617 187 3701 quinimo
212 3613 248 3678 D.
274 3613 310 3677 D.
335 3613 485 3686 asserunt,
508 3611 542 3674 ut
565 3628 657 3690 supra
677 3607 811 3674 vidimus
834 3630 903 3674 cum
926 3610 957 3676 S.
983 3612 1144 3694 Atptonso
1166 3611 1200 3695 (l.
1225 3613 1288 3692 c.):

51 3723 91 3784 »si
115 3737 190 3784 cum
214 3717 312 3780 morte
335 3714 443 3778 matris
466 3731 534 3797 spes
557 3713 638 3776 vitae
654 3710 682 3775 cl
698 3712 845 3794 baptismi
870 3713 962 3794 prolis
983 3715 1142 3797 affulgeat,
1170 3717 1293 3780 tenetur

49 3828 148 3889 ruater
168 3819 349 3906 (secundum
373 3818 533 3900 plerosque
553 3817 609 3881 sub
633 3815 779 3898 mortali),
809 3815 963 3882 abstinere
987 3818 1026 3880 ab
1047 3819 1131 3881 omni
1154 3818 1289 3882 remedio

50 3925 239 3992 destructive
259 3921 370 4004 prolis,
401 3922 472 4001 quia
507 3921 628 3984 tenetur
658 3919 751 3982 vitam
776 3917 963 3999 corporalem
988 3939 1135 4002 exponere
1161 3939 1214 4002 pro
1239 3939 1291 3984 ex-

58 4063 368 4078 --—-—-·--·-

153 4132 181 4202 1)
203 4132 304 4188 Tuom.
325 4129 362 4184 11.
380 4131 405 4183 2.
423 4145 449 4198 q.
469 4129 511 4182 64.
531 4145 554 4183 a.
574 4130 599 4183 5.

152 4219 183 4286 2)
205 4218 399 4280 Pambotadai,
418 4217 436 4271 l.
453 4232 473 4270 a
492 4214 539 4270 lib.
559 4215 604 4270 VI.
625 4232 663 4284 cp.
683 4215 719 4270 11.
737 4213 762 4280 ξ.
782 4216 806 4269 1.

152 4305 182 4373 3)
204 4303 409 4373 Retffcnstuct,
426 4297 445 4357 1ss
464 4319 485 4357 c.
502 4305 537 4356 tr.
556 4301 606 4356 IX.
625 4303 687 4356 dist.
706 4301 760 4356 111.
781 4319 807 4372 q.
827 4303 849 4356 I.

151 4391 181 4459 4)
204 4392 374 4458 Lapmanu,
393 4391 411 4444 Ι.
429 4406 450 4443 c.
469 4389 546 4444 tol.
565 4389 584 4443 l.
602 4389 652 4444 111.
670 4393 705 4443 tr.
723 4387 775 4444 111.
796 4407 820 4458 p.
839 4388 890 4444 111.
909 4405 966 4457 cop.
985 4387 1007 4441 1.
1026 4405 1053 4443 n.
1072 4392 1096 4444 4.

153 4477 182 4544 5)
204 4475 377 4540 Lehmkntt,
394 4477 412 4530 l.
432 4493 453 4530 c.
472 4493 496 4545 p.
516 4476 536 4529 1.
556 4493 582 4529 u.
600 4476 660 4530 834.

152 4565 182 4630 6)
202 4561 303 4614 scilicet
321 4563 343 4615 si
363 4563 428 4616 odhi
449 4562 551 4630 peccati
572 4563 691 4616 mortalis
713 4577 767 4614 uon
786 4579 843 4618 sum
862 4563 980 4616 conscius
1001 4560 1045 4616 vel
1072 4565 1168 4619 'saltem
1194 4565 1295 4618 coutri-

53 4653 150 4708 tioucrn
171 4650 330 4704 excitavero.

1154 4738 1196 4804 5*
