3142 5204
282 281 322 348 16
462 297 674 366 Heideareich,
695 299 775 357 Dies.
793 305 828 358 e'rr
847 319 908 360 cos.
927 301 980 357 ali.
999 309 1098 360 const.
1116 303 1222 374 spons.
1241 301 1337 360 Sedis.

281 472 339 537 mis
370 473 563 538 Gennadium
592 471 817 538 Massiliensem
833 473 875 558 1),
913 473 1301 561 Pseudo-AugustInuw)
1332 478 1364 541 et
1398 476 1527 542 Cassie-

282 576 411 642 doruum
425 581 459 658 ³).

384 701 414 764 3.
460 698 582 763 Primus
618 698 698 764 inter
736 702 839 781 patres
873 700 1037 765 orientales
1072 700 1242 766 afferendus
1277 703 1324 768 est
1356 701 1532 788 Gregorius

281 805 448 890 Nysseuus,
472 803 524 886 qui
547 803 579 866 in
595 803 674 868 libro
690 803 863 887 praeclaro:
891 805 955 868 »De
973 805 1104 870 bominIs
1120 806 1270 889 opificio«
1296 808 1450 890 imprimis
1470 827 1530 874 ea-

282 909 346 991 pite
369 907 630 992 duodetrigesimo
651 910 683 972 et
704 907 983 992 undetrigesimo
1017 909 1091 992 quid
1124 910 1156 973 iu
1193 907 1250 975 h'ae
1285 930 1317 976 re
1350 913 1533 978 sententiae

281 1013 426 1090 tenuerit,
450 1012 533 1079 clare
556 1012 746 1094 pronuntiat.
918 999 921 1004 ’

388 1125 597 1202 ›Portarum‹
623 1125 686 1202 ait,
713 1125 770 1188 »ab
792 1125 935 1190 instituto
959 1144 1098 1190 sermone
1122 1126 1256 1190 alienum
1281 1145 1339 1192 non
1363 1128 1474 1204 fuerit,
1503 1130 1533 1193 si

281 1231 313 1294 in
336 1229 384 1309 id,
420 1229 501 1313 quod
531 1228 569 1293 do
599 1228 702 1293 animo
728 1231 760 1292 et
783 1247 906 1312 corpore
929 1229 1042 1313 passim
1066 1229 1099 1294 in
1122 1230 1252 1295 scelesta
1274 1233 1533 1313 controvertitur,

280 1335 484 1418 Inquiramus.

385 1447 517 1528 Quidam
548 1445 629 1511 enirn
662 1445 826 1528 superioris
857 1447 1021 1512 mernorIae
1046 1446 1185 1513 doctores
1212 1448 1331 1513 animos
1363 1449 1531 1516 hominurn

280 1551 369 1636 quasi
392 1550 548 1635 quandam
572 1551 729 1615 nationem
751 1569 888 1615 seorsum
911 1551 1042 1634 quadam
1067 1551 1099 1615 in
1115 1552 1272 1636 repubIIce
1287 1553 1416 1618 existere
1431 1554 1535 1640 longe

282 1659 354 1720 aute
378 1673 504 1739 corpora
526 1654 654 1718 tradunt
683 1705 690 1720 .
716 1705 722 1720 .
748 1703 755 1717 .

384 1767 450 1832 Alii
472 1770 579 1833 contra
602 1766 691 1831 serIei
715 1764 897 1842 creationis,
928 1785 989 1849 qua
1012 1767 1163 1832 ioruratns
1184 1772 1232 1833 eet
1256 1768 1364 1843 homo,
1396 1787 1414 1832 a
1440 1771 1535 1836 Mose

281 1872 452 1954 descriptae
472 1871 670 1947 inhaerendo,
691 1871 828 1934 animum
845 1888 968 1952 corpore
984 1873 1054 1936 ortu
1071 1873 1268 1954 posteriorem
1287 1891 1353 1936 esse
1368 1856 1480 1942 ciunt.
1500 1928 1508 1941 .
1526 1927 1533 1939 .

283 1977 419 2058 Utraque
441 1975 543 2058 opinio
566 1994 636 2039 cum
659 1973 926 2057 reprehensionem
944 1977 1112 2054 merentur,
1132 1979 1197 2041 tem
1213 1995 1317 2040 eorum
1333 1977 1386 2061 qui
1404 1979 1535 2044 animos

283 2081 402 2165 proprio
425 2080 557 2163 quodam
581 2080 612 2143 in
636 2080 722 2143 statu
745 2082 816 2142 aute
840 2097 965 2161 corpora
988 2080 1088 2144 virere
1105 2089 1271 2163 nugantur,
1294 2100 1386 2164 quarn
1403 2084 1457 2164 qui
1475 2104 1535 2150 eos

283 2187 351 2269 post
374 2204 500 2268 corpora
523 2183 656 2266 primum
680 2182 769 2246 condi
793 2181 980 2258 existimant,
1001 2201 1111 2265 operae
1135 2184 1267 2266 pretium
1290 2184 1438 2250 fueritin
1461 2207 1538 2252 orn-

282 2290 334 2354 nie
355 2289 493 2354 studioso
516 2287 691 2370 inquirere,
725 2305 803 2370 quae
826 2287 856 2350 in
878 2285 1066 2369 explicandis
1088 2287 1249 2371 utriusque
1271 2289 1368 2369 partis
1392 2289 1537 2355 decretis

282 2393 314 2458 in
338 2391 680 2458 morinummontem
703 2440 761 2456 ...
787 2391 826 2454 Et
850 2390 964 2454 reIecta
985 2392 1114 2474 utraque
1135 2392 1290 2456 sententia
1313 2394 1536 2476 prosequitur:

285 2499 479 2581 »ltaqueisic
501 2496 736 2573 concludamus,
770 2500 804 2558 ut
835 2514 900 2559 esse
927 2495 1024 2578 partis
1047 2496 1207 2580 utriusque
1230 2497 1403 2562 doctrinam
1428 2517 1534 2580 aeque

283 2601 487 2666 abiicIendam
512 2600 752 2682 pronuntiemus.
798 2599 914 2664 Nostra
945 2619 1014 2666 vero
1044 2602 1100 2666 bac
1131 2603 1200 2666 totu
1232 2602 1263 2666 in
1295 2621 1325 2667 re
1357 2603 1531 2680 sententia,

284 2704 386 2768 media
408 2704 489 2768 iuter
511 2703 684 2784 opinionem
709 2707 871 2785 utramque
899 2703 949 2768 via
982 2703 1150 2768 iucedeudo
1178 2704 1275 2786 ipsam
1300 2705 1338 2769 ed
1361 2705 1535 2771 veritatem

283 2827 349 2872 sese
369 2808 501 2890 diriget,
524 2807 572 2872 est
594 2807 675 2871 emm
700 2806 895 2874 huiusmodi:
929 2807 1056 2873 Animos
1080 2827 1175 2892 neque
1196 2810 1364 2874 secundum
1387 2809 1537 2876 Graecae

283 2912 454 2994 sapientiae
476 2930 608 2975 errorem
627 2931 687 2974 uun
703 2930 771 2976 curn
788 2911 989 2976 universitate
1005 2913 1037 2974 iu
1054 2913 1159 2977 orbern
1175 2913 1311 2995 agitatos
1325 2913 1537 3000 redditosque

285 3036 337 3100 per
357 3016 504 3080 vitiorum
527 3014 820 3079 contaminationem
844 3015 1015 3097 graviores,
1047 3035 1116 3080 oum
1142 3035 1230 3098 pares
1251 3035 1341 3081 eursu
1363 3017 1538 3085 celerrimo

284 3121 346 3203 poii
368 3120 444 3184 moti
468 3118 620 3201 nequeant
643 3118 673 3181 in
697 3119 810 3182 terram
835 3117 956 3194 delabi,
981 3138 1079 3202 neque
1100 3119 1233 3202 corporis
1256 3139 1349 3185 eausa
1370 3122 1438 3186 turn
1465 3125 1542 3205 pri-

285 3244 369 3289 mum
396 3223 486 3302 oriri,
517 3242 587 3287 cum
617 3222 679 3286 iarn
712 3221 790 3285 illud
813 3222 912 3286 instar
931 3222 1034 3286 luteae
1058 3222 1216 3305 cujusdem
1241 3227 1365 3289 statuae
1388 3226 1430 3289 sn
1452 3246 1542 3292 con-

283 3329 460 3392 formatum.
506 3328 586 3392 Nam
615 3346 651 3391 oa
677 3326 795 3390 ratione
826 3327 937 3390 natura
958 3326 1167 3410 intelligentis
1192 3329 1332 3409 praedita
1355 3332 1442 3408 iuteo
1467 3331 1542 3418 fig-

284 3434 386 3497 mento
410 3432 542 3497 deterior
565 3431 673 3494 foret.‹
697 3429 764 3511 (Cp.
789 3429 919 3509 XXIX.)
947 3429 1009 3495 Sed
1032 3451 1100 3495 cam
1122 3453 1204 3497 anus
1226 3438 1255 3497 ei
1272 3433 1356 3498 idem
1377 3433 1468 3500 bomo
1486 3443 1542 3504 sit

282 3538 337 3618 qui
359 3556 488 3617 corpore
509 3541 538 3600 er
557 3535 662 3599 ocimo
685 3539 814 3611 constat,
837 3553 933 3598 anum
955 3551 1022 3598 esse
1041 3553 1257 3616 communeque
1278 3535 1481 3602 tribuendum
1502 3545 1541 3607 ei

283 3640 417 3705 dicimus
446 3639 616 3704 exsistendi
641 3637 854 3718 principiam,
888 3657 926 3700 ne
953 3643 1048 3717 porte
1080 3637 1140 3702 tec
1169 3638 1270 3719 serpso
1294 3639 1387 3719 prior
1420 3640 1542 3711 altera

282 3744 388 3808 iunior
409 3744 452 3808 sit
470 3749 499 3807 et
514 3741 673 3824 posterior
697 3789 703 3803 .
729 3789 736 3804 .
761 3792 768 3806 .
794 3741 829 3804 ut
855 3739 887 3802 in
910 3740 1049 3816 homme,
1071 3741 1123 3824 qui
1148 3744 1283 3806 aetatem
1307 3741 1345 3805 ad
1368 3742 1542 3826 integram

284 3848 422 3929 pervenit
442 3849 474 3911 et
496 3846 577 3910 inter
599 3845 777 3929 grandiores
801 3845 959 3921 censetur,
992 3844 1169 3910 affectiones
1192 3846 1313 3910 animae
1334 3846 1400 3928 jam
1427 3854 1546 3916 meni-

389 4050 413 4118 1)
432 4051 472 4105 De
481 4049 668 4105 ecclesiasticis
679 4047 852 4118 dogmatibus
861 4065 900 4116 cp.
909 4049 1018 4104 18-20.
1034 4049 1146 4120 Mtpne,
1157 4049 1174 4104 i.
1183 4065 1205 4104 e.
1215 4053 1235 4104 t.
1243 4050 1276 4104 58
1287 4067 1349 4120 pag.
1357 4052 1540 4109 sus-1000.

386 4138 412 4203 2)
431 4137 490 4191 Lib.
510 4136 542 4191 de
559 4136 657 4206 spititu
675 4137 702 4188 ei
722 4135 812 4188 anima
830 4150 886 4203 cap.
905 4136 934 4189 9.

386 4223 413 4291 3)
434 4224 472 4278 De
487 4224 577 4278 anima
596 4223 652 4277 sive
671 4221 704 4276 de
720 4221 825 4275 ratione
845 4221 959 4275 animae.
988 4221 1100 4292 Μέθης,
1120 4220 1138 4274 l.
1157 4237 1179 4275 e.
1195 4223 1216 4276 t.
1236 4221 1277 4275 70.
1296 4238 1319 4291 p.
1342 4221 1542 4283 rtis-1308.

383 4309 412 4378 4)
431 4309 564 4364 XXVHI:
585 4307 718 4362 Adversus
737 4323 789 4372 eos,
809 4306 855 4376 qui
873 4308 975 4362 animos
993 4310 1056 4361 ante
1067 4323 1178 4375 corpora
1190 4307 1323 4362 tradunnt
1339 4309 1464 4373 existere,
1486 4315 1543 4369 vel

277 4400 370 4450 eontra
395 4413 505 4464 corpora
529 4395 685 4465 priusquam
709 4394 812 4449 nuirnos
831 4409 888 4448 esse
906 4393 1022 4454 condita.
1058 4394 1169 4449 Tabulis
1188 4397 1270 4450 etism
1288 4398 1470 4451 consentanea
1492 4399 1535 4455 de

278 4482 427 4536 animorum
445 4482 652 4552 migrationibus
669 4479 790 4535 doctrina
807 4481 952 4547 evertItur;
978 4481 1082 4535 XXIX:
1101 4481 1177 4535 Idem
1197 4497 1254 4536 esse
1272 4498 1330 4535 cum
1350 4481 1442 4535 animo
1463 4488 1533 4540 tum

277 4569 379 4637 corpori
397 4569 542 4624 exsistendi
560 4569 719 4638 principium
737 4566 880 4635 probatur:
906 4565 940 4622 ei.
966 4569 1086 4638 Me'pree,
1111 4567 1249 4638 Patrolog.
1269 4567 1362 4622 Graec.
1381 4571 1403 4624 t.
1425 4569 1536 4630 XLIV.

277 4671 340 4726 pag.
360 4655 411 4711 230
434 4672 509 4725 seqq.
