3142 5204
363 257 498 316 eborea
516 255 692 326 artificialis
710 263 740 314 ιι
758 253 978 316 ιιαιιίοιοιιιὶιι
1251 245 1295 312 45

600 428 701 496 Seclio
722 429 744 494 l.

256 571 413 639 Rationes
434 567 656 633 abaciam
676 587 842 649 coramque
860 572 1073 649 perpensatio.

136 712 312 788 Rationes,
337 705 449 790 quibus
470 703 640 769 liceitatem
664 704 790 768 obortus
813 704 988 770 artificialis
1004 706 1053 772 vel
1068 708 1293 776 craniotomiae

34 829 204 905 tamquam
237 811 376 876 cuiusvis
406 808 484 873 elius
515 807 700 890 operationis
724 807 922 873 obstetriciae
943 810 1134 893 perniciosae
1160 814 1190 876 iu
1219 832 1293 877 casu

33 921 188 1008 graviori,
216 916 340 982 infante
364 912 484 976 scilicet
507 909 607 974 adhuc
626 909 758 988 vivente,
782 909 937 976 insinuare
961 912 1080 992 volunt,
1104 914 1226 980 desumi
1241 935 1294 980 so·

33 1031 92 1094 lent
119 1045 162 1090 ex
189 1024 283 1106 parte
307 1015 430 1092 medici,
453 1013 567 1097 partim
590 1030 625 1076 ex
649 1015 735 1096 parte
758 1014 868 1079 matris
890 1016 923 1079 et
945 1015 1046 1081 tostus
1069 1017 1177 1100 ipsius.
1215 1017 1291 1084 Per-

33 1133 216 1216 pendamus
240 1119 475 1206 principaliores
497 1136 603 1182 earum
627 1115 749 1199 vimque
771 1118 961 1202 argumenti.

414 1301 607 1382 nemmem
628 1297 746 1364 meere
764 1301 915 1377 ramea.

2 1465 3 1472 ’
142 1461 349 1548 Argumenta
378 1455 411 1520 in
439 1451 602 1522 exercendo
632 1453 742 1520 abortu
773 1455 932 1521 artificiali
963 1459 995 1522 et
1025 1459 1230 1524 craniotomia
1259 1463 1290 1526 in

32 1577 178 1640 levorem
205 1562 323 1632 medici
348 1559 497 1643 producta
519 1558 592 1621 suut
611 1557 782 1640 imprimis:

142 1683 182 1746 1⁰
205 1679 279 1744 tota
299 1672 439 1758 quaestio
455 1669 532 1735 solvi
548 1672 669 1753 oportet
683 1686 719 1733 ex
734 1669 808 1734 solis
823 1670 899 1735 artis
916 1655 1090 1739 medicinae
1109 1674 1289 1758 principiis;

140 1789 181 1850 2⁰
205 1779 331 1847 medico
354 1773 502 1858 competit
525 1773 572 1836 ius
596 1772 678 1838 vitae
701 1773 855 1858 necisque,
877 1776 911 1839 et

139 1891 181 1956 3⁰
206 1883 350 1950 medicus
373 1897 431 1943 non
454 1876 515 1942 nisi
536 1875 690 1959 perdendo
712 1875 797 1942 foetu
819 1879 953 1943 matrem
976 1880 1097 1946 salvara
1119 1884 1233 1963 potest.

352 2069 429 2134 Toto
450 2067 589 2151 quaestio
609 2070 655 2131 esc
676 2086 759 2132 acere
776 2068 986 2136 medicinalis.

138 2217 228 2283 Tota
250 2207 405 2295 quaestio,
428 2207 526 2284 aiunt,
550 2203 677 2270 dissolvi
701 2206 822 2287 oportet
843 2206 930 2271 nullu
953 2207 1112 2290 religionis
1135 2212 1290 2292 respectu,

30 2349 62 2394 er
86 2323 170 2392 solis
197 2317 279 2386 artis
303 2310 475 2378 medicinae
490 2309 658 2393 principiis.
688 2308 749 2387 Ita,
773 2310 890 2374 utiam
915 2329 1010 2392 supra
1032 2314 1238 2379 memoratum
1253 2315 1289 2398 ¹),

30 2428 178 2498 Horwitz
196 2419 349 2488 meritum
366 2413 462 2480 aetati
478 2412 641 2478 recentiori
656 2411 777 2491 tribuit,
794 2412 874 2496 quod
890 2416 1042 2480 tractetur
1055 2415 1133 2482 haec
1148 2418 1290 2499 quaestio

31 2533 152 2602 usulis
179 2522 334 2596 medicis3
364 2517 444 2601 quod
470 2516 684 2600 postulaverat
711 2515 806 2580 etiam
829 2517 960 2582 societas
984 2517 1173 2586 medicorum
1195 2521 1287 2586 Nan-

31 2634 283 2713 netensis²):›
267 2625 374 2688 »Dens
396 2622 478 2687 cette
496 2619 668 2686 discussion
689 2638 729 2685 ou
751 2619 818 2684 doit
803 2623 873 2686 ιιι
896 2621 1062 2688 renlermer
1084 2623 1161 2692 dans
1183 2625 1212 2689 le
1235 2625 1290 2692 do-

32 2744 135 2808 maine
160 2736 205 2800 de
230 2732 264 2795 la
286 2727 415 2794 science
462 2723 503 2788 Je
524 2723 662 2806 respecto
682 2723 714 2787 lu
736 2723 910 2808 theologie,
942 2726 1021 2790 mais
1050 2729 1146 2794 avent
1167 2730 1269 2796 tout'
1258 2750 1290 2814 pe

1 2812 94 2912 suiv
115 2835 345 2908 medecin..
370 2829 483 2895 ‚Pour
507 2826 662 2893 l’honnete
682 2825 805 2892 homme
830 2827 858 2892 le
879 2829 924 2893 eri
947 2828 988 2893 du
1015 2829 1120 2896 devoir
1142 2835 1191 2898 est
1219 2833 1289 2916 plus

1 2925 3 3044 l
32 2953 92 3017 fort
128 2963 197 3030 que
233 2937 341 3003 tontes
375 2933 420 2998 les
452 2930 609 2998 subtilitts
638 2929 680 2995 du
702 2930 967 2999 raisonnement.
989 2935 1096 3002 ..Ia
1118 2935 1287 3022 theologie,

1 3073 106 3138 pour
130 3051 207 3114 ιιιι
234 3042 314 3106 dans
334 3040 365 3103 le
385 3035 449 3102 vrci
471 3037 503 3101 et
524 3052 599 3118 pour
621 3052 660 3099 ne
682 3052 738 3117 pas
761 3035 908 3105 formuler
931 3036 985 3102 des
1008 3037 1066 3104 lois
1082 3039 1229 3108 absurdus
1248 3044 1291 3128 (ι)

1 3127 2 3236 l
32 3163 65 3224 et
96 3155 215 3222 contre
250 3164 291 3209 na
292 3147 362 3210 ture
384 3140 442 3225 (ι),
485 3138 550 3204 doit
535 3140 618 3204 ten
647 3137 798 3204 certaines
829 3139 976 3206 mutieres
1010 3141 1178 3210 s'adresser
1209 3148 1228 3212 t
1261 3147 1292 3212 le

31 3264 176 3334 science;
208 3251 236 3316 il
266 3247 336 3312 taut
364 3244 443 3309 donc
466 3242 532 3307 s'en
553 3241 634 3307 tenir
658 3241 797 3326 toujours
819 3245 838 3308 ι
860 3246 943 3308 cette
966 3246 1125 3314 demitte«
1153 3301 1159 3317 .
1186 3299 1192 3313 .
1220 3299 1226 3314 .
1252 3251 1292 3316 lut

34 3366 239 3432 medicorum
262 3350 390 3415 senatus
405 3345 606 3412 Marsiliensis
622 3347 749 3428 questus
764 3349 829 3413 est:
855 3347 1183 3420 ›Melheureusement
1203 3357 1291 3421 notre

33 3467 144 3536 savant
171 3457 319 3526 oonlrere
341 3450 409 3538 (Dr
431 3449 622 3533 villeneuve)
647 3449 782 3514 struite
811 3451 844 3516 la
875 3454 1018 3536 question
1047 3456 1293 3542 iuridiqpement

34 3579 65 3639 el
84 3557 405 3648 theologiquemenr,
375 3553 467 3621 tn
497 3551 536 3618 od
562 3553 586 3617 il
612 3553 770 3638 s’agissait
797 3554 872 3620 d'uu
894 3558 977 3642 sujet
999 3560 1201 3647 scientifique
1248 3564 1293 3630 [a

35 3679 158 3744 sdence
184 3665 277 3733 seule
300 3659 396 3726 doit
388 3659 428 3723 rci
451 3657 637 3741 pariere..

138 3778 302 3850 Rationes
314 3773 429 3849 autem,
444 3768 556 3853 quibus
571 3767 704 3834 fulciunt
689 3770 832 3836 tmedici
845 3772 940 3836 talem
953 3737 1204 3857 postulationem,
1217 3783 1293 3846 suut

39 3887 197 3978 imprimis
221 3883 300 3958 tres,
323 3893 453 3958 nempe.

141 4001 183 4066 1⁰
206 3989 344 4061 scientia
364 3988 411 4054 est
433 3986 549 4064 liberer

139 4107 182 4171 2⁰
207 4093 390 4166 morulistee
412 4091 444 4157 in
465 4089 523 4154 hue
545 4089 724 4174 quaestione
747 4089 955 4172 dissentiunt3

141 4209 183 4273 3⁰
206 4204 242 4270 et
261 4199 287 4266 ii
307 4194 462 4280 theologi,
492 4194 545 4278 qui
566 4212 646 4259 nune
668 4193 878 4272 adversantur,
908 4199 1046 4280 ternpore
1071 4199 1175 4283 aliquo
1197 4221 1291 4284 prae·

42 4319 176 4400 terlapso
201 4305 334 4375 consent
319 4301 408 4377 tient,
432 4297 525 4363 sicuti
548 4297 664 4362 tactum
687 4299 735 4363 est
756 4297 788 4362 io
808 4298 944 4366 sectione
968 4319 1122 4368 caesarea.

143 4505 175 4574 1)
194 4497 350 4557 Horwlts,
367 4489 386 4544 l.
402 4505 424 4544 c
442 4505 468 4557 p.
483 4488 524 4544 68

1 4565 2 4608 ¹
140 4573 619 4662 pmfllcpsgwdltreqq
