3142 5204
286 289 334 364 80
477 307 687 377 Heidcmrcict,
709 307 790 368 D'r'sa
807 309 843 368 ira
864 327 926 369 cas.
945 315 999 368 alt.
1018 318 1113 369 const.
1131 311 1235 383 apost.
1254 309 1349 370 Sedis.

657 517 883 588 Periculositos
904 519 1164 603 Hpsderotome'ee.

395 673 427 740 Si
456 690 621 758 quaereas,
654 693 709 740 eur
740 675 855 740 medici
886 675 999 742 malint
1025 676 1168 740 abortum
1200 675 1249 740 nel
1282 675 1542 757 perforationem,

160 855 163 860 ¹
292 797 385 861 quam
408 796 581 843 caesaream
605 779 804 867 sectionem,
826 779 857 844 id
894 779 1063 844 detendunt
1096 780 1192 844 nimia
1223 779 1314 843 huius
1343 780 1544 861 operationis

293 881 531 964 periculositate,
554 900 645 965 quem
667 883 868 948 confirmant:
892 883 926 946 1⁰
943 881 1129 948 difficultate
1150 883 1181 946 in
1196 883 1361 948 exercende
1378 884 1411 946 et
1433 885 1473 946 2⁰
1493 884 1544 946 in-

293 985 433 1050 felicibus
456 985 559 1050 adbuc
581 986 713 1050 exitibus
738 986 987 1069 hysterotomiae.

395 1103 483 1186 Quod
507 1107 620 1172 attinet
642 1107 680 1170 ad
704 1105 922 1172 difficultatem
945 1107 975 1170 in
999 1107 1164 1172 exercenda
1191 1107 1416 1191 hysterotomia
1442 1127 1538 1190 prae-

292 1210 398 1276 sertim
420 1228 634 1292 nonnunquam
657 1210 804 1294 inpage,
837 1210 889 1275 ubi
918 1229 976 1276 non
999 1211 1167 1292 suppetunt
1190 1210 1245 1274 alii
1268 1211 1396 1289 medici,
1429 1212 1480 1276 ita
1505 1213 1543 1275 nt

291 1313 372 1380 aliae
394 1314 517 1378 uterum
541 1313 768 1379 circumdantes
788 1317 890 1396 partas
913 1313 1091 1378 inficiantur
1115 1314 1241 1378 seeretis
1266 1314 1450 1398 plerumque
1475 1316 1540 1379 iam

292 1416 534 1500 subputreiuotis
568 1436 602 1482 er
636 1419 723 1483 utero
758 1419 988 1495 emanantibus,
1020 1436 1101 1481 nune
1134 1417 1280 1499 temporis
1306 1419 1539 1494 eblorolormio,

293 1520 434 1585 anaemia
461 1520 596 1586 adducta
628 1519 759 1602 aliisque
791 1519 934 1586 remediis
966 1520 1094 1585 tortasse
1130 1522 1366 1605 hypnotism01)
1397 1529 1430 1586 et
1466 1522 1540 1586 aliis

293 1623 423 1690 cautelis
445 1622 611 1703 adhibitis,
643 1623 722 1688 teste
744 1624 876 1704 secere)
903 1624 1071 1706 periculum
1094 1626 1125 1688 et
1148 1625 1322 1691 iniectionis
1346 1628 1377 1689 et
1401 1625 1539 1690 infelicis

293 1728 391 1793 exitus
413 1727 522 1794 saltem
548 1727 690 1810 pervalde
714 1728 880 1805 minuitur,
911 1727 938 1792 si
967 1747 1026 1790 non
1056 1728 1194 1806 tollitur,
1227 1729 1378 1810 imprimis
1407 1748 1482 1794 oum
1507 1749 1539 1792 re

293 1831 417 1914 cognita
439 1831 485 1895 uti
508 1830 606 1914 possis
628 1849 770 1896 caesarea
794 1833 928 1896 sectione
952 1831 1068 1896 viribus
1091 1831 1200 1896 matris
1217 1833 1309 1914 partu
1326 1833 1464 1897 nondum
1484 1833 1539 1896 de-

293 1934 392 2000 iectis.
437 1933 538 2014 Quare
561 1934 708 2000 laudatus
731 1935 780 1999 bio
804 1936 911 2000 auctor
939 1940 1042 2018 sperat
1072 1934 1153 2012 foro,
1189 1939 1225 2000 ut
1256 1939 1393 2018 temporo
1428 1937 1536 2000 futuro
1564 2003 1565 2006 ,

295 2037 428 2120 proxime
451 2055 539 2104 nemo
562 2037 698 2102 medicus
721 2037 870 2104 infantem
895 2039 926 2102 in
951 2040 1037 2104 utero
1061 2039 1194 2121 amplius
1216 2039 1356 2120 perteret,
1382 2059 1443 2104 non
1468 2043 1535 2104 tarn

294 2143 417 2224 propter
440 2141 542 2224 legem
565 2140 720 2220 diuinam,
753 2160 845 2223 quam
881 2144 1003 2224 propter
1038 2161 1231 2226 progressum
1259 2143 1336 2207 artis
1360 2143 1534 2208 medicalis.
1564 2189 1565 2192 ,

398 2261 495 2340 seue,
518 2261 598 2345 quod
620 2261 731 2326 medici
754 2262 916 2328 recentiori
945 2263 1013 2346 ipsa
1045 2264 1149 2328 aetate
1178 2263 1370 2346 operationes
1398 2264 1536 2329 feliciter
1564 2293 1565 2300 ,

294 2370 495 2432 exercuerunt
528 2365 627 2430 multo
660 2366 890 2448 periculosiores
918 2385 1010 2449 quarn
1046 2367 1285 2451 hystorotomia,
1318 2387 1394 2450 quas
1433 2368 1536 2432 adbuc

294 2488 384 2534 nemo
405 2469 535 2554 aggredi
556 2487 649 2534 ausus
670 2469 721 2549 sit,
741 2489 770 2537 v.
787 2489 816 2552 g.
841 2471 1062 2553 exemptionem
1086 2473 1189 2536 costae
1205 2472 1252 2536 rel
1272 2472 1483 2554 operationem
1504 2472 1536 2534 in

293 2574 452 2640 stomacho
473 2573 609 2640 ventrem
631 2573 804 2655 apariendo,
830 2574 1064 2656 extirpationem
1088 2575 1217 2640 alterius
1239 2594 1346 2640 renum
1368 2577 1429 2644 etc.
1454 2578 1514 2640 eto.

397 2693 484 2774 Quod
508 2692 617 2758 deinde
640 2696 760 2776 spectat
783 2693 820 2758 ad
841 2694 978 2760 infelices
1007 2695 1239 2761 histerotomiae
1271 2698 1421 2774 eventus,
1453 2716 1536 2760 com-

294 2796 405 2880 positio
428 2815 554 2862 oasunm
577 2815 612 2860 ex
635 2797 811 2862 auctoribus
831 2797 869 2862 de
893 2799 950 2862 bac
974 2817 1005 2863 re
1028 2799 1139 2864 locutis
1163 2800 1326 2882 desumpta
1340 2800 1536 2865 demonstrat

293 2903 326 2964 et
349 2899 445 2964 minui
468 2899 548 2964 tales
570 2899 707 2964 infelices
729 2900 828 2965 oritus
851 2920 1013 2989 progressu
1042 2903 1118 2968 artis
1151 2903 1343 2968 medicinalis
1374 2906 1405 2968 et
1438 2904 1535 2968 talem

295 3003 503 3086 operationem
526 3001 757 3086 praeferendam
782 3023 846 3070 esse
869 3005 1080 3088 perforationi.

398 3132 452 3197 Dr.
469 3131 680 3216 Gerimorcdil
704 3134 825 3214 asserit,
850 3153 884 3200 er
908 3136 969 3199 100
993 3135 1145 3201 matribus
1168 3137 1332 3202 sectionem
1356 3155 1532 3200 caesaream

297 3236 395 3320 passis
419 3235 586 3303 virebant:

507 3358 546 3422 ab
570 3377 648 3423 anno
675 3359 756 3424 1750
778 3377 875 3444 usque
899 3360 938 3424 ad
964 3379 1079 3426 annum
1105 3360 1208 3426 180οι
1233 3362 1274 3424 32

574 3510 595 3542 „
674 3463 755 3528 1801
908 3511 927 3544 ,,
1107 3463 1275 3528 1832ι37

576 3614 595 3645 ,,
675 3566 758 3632 1832
906 3617 926 3646 ,,
1106 3567 1273 3632 1839251
1367 3613 1369 3619 .

575 3717 594 3748 „
677 3663 758 3736 1839
907 3719 927 3750 ,,
1033 3700 1037 3705 -
1106 3670 1210 3736 1861:
1235 3670 1276 3734 60

399 3798 571 3865 Michaelis
579 3798 607 3885 ⁴)
629 3801 779 3866 adnotat:

348 3921 419 3985 ante
442 3920 500 3986 boc
522 3921 678 3986 saeculum
701 3922 757 3987 tali
782 3922 958 4004 operatione
978 3921 1176 3992 salvabantur
1199 3939 1234 3987 er
1260 3921 1350 3986 148.
1376 3971 1383 3986 .
1406 3972 1412 3986 .
1439 3923 1491 4002 70,

443 4024 499 4090 hoc
520 4025 643 4092 saeculo
732 4074 1128 4094 .....
1194 4045 1229 4092 er
1253 4026 1314 4089 110
1338 4075 1345 4090 .
1371 4075 1378 4088 .
1404 4073 1412 4091 .
1436 4027 1496 4102 48;

399 4277 425 4346 1)
444 4277 490 4332 Dr.
510 4280 541 4334 Ε.
563 4277 596 4332 L.
614 4278 748 4343 Fischer,
766 4277 820 4332 Der
839 4279 1005 4348 sogenennte
1023 4277 1322 4346 bebensmagnetismus
1341 4277 1407 4332 oder
1427 4277 1531 4347 Hypno-

295 4363 399 4418 tismus.
427 4363 516 4418 Maina
536 4363 612 4430 1883,
630 4380 693 4435 pag.
710 4364 753 4420 22.

399 4449 462 4518 a)1.
481 4467 583 4520 apag.
603 4451 662 4505 805.

397 4536 425 4605 3)
446 4537 658 4606 Consumsere,
678 4536 748 4592 Med.
767 4539 836 4611 past.
854 4553 919 4608 pag.
940 4538 982 4594 11.

397 4622 425 4695 „lp
446 4615 659 4693 depellerere,
676 4623 716 4678 De
732 4623 860 4678 occisione
877 4624 965 4678 foetus
983 4639 1044 4693 pag.
1063 4623 1106 4679 35.
