3142 5204
277 287 300 354 4*
460 303 672 374 Heraeorum,
692 307 771 364 Dias.
789 307 825 364 ire
844 325 906 367 cas.
926 309 980 364 ali.
1000 313 1095 366 coast.
1115 310 1219 380 Apost.
1238 308 1333 366 Sedis.

278 484 307 547 in
334 485 479 566 posteros,
504 484 669 565 autequam
691 483 725 548 in
748 483 848 548 lucem
873 483 949 550 sditi
971 487 1052 548 sunt.
1085 483 1172 565 Quod
1196 483 1294 548 scelus
1319 485 1447 548 naturae
1472 503 1530 547 re-

278 607 418 672 pugnans
443 590 474 652 ct
495 587 770 666 immanissimum,
804 588 972 654 violentam
996 589 1142 654 videlicet
1165 590 1264 654 foetus
1287 608 1322 652 ex
1343 591 1430 653 utero
1453 609 1530 652 ma-

276 692 334 756 tris
364 692 589 775 expulsionem,
622 682 931 776 priusquam'infans
960 693 1122 775 separatus
1154 691 1193 757 ab
1224 711 1260 756 ea
1291 693 1392 756 vivere
1413 694 1529 775 possit,

278 798 495 879 perpetratam,
516 800 552 860 ut
574 797 674 879 proles
696 797 839 876 intereat,
865 798 945 881 apud
970 800 1079 880 gentes
1098 797 1166 861 luce
1181 796 1379 861 revelationis
1395 799 1530 862 orbatas

276 902 308 963 in
332 919 389 964 usu
412 899 507 964 fuisse
530 919 587 965 rron
612 903 668 978 est,
694 919 747 965 cur
768 901 925 967 miremur.
967 903 1067 984 Atque
1087 899 1168 984 apud
1193 900 1346 966 Romanos
1370 903 1434 966 tam
1460 903 1530 964 ire-

276 1023 372 1088 quens
394 1005 425 1068 et
443 1006 593 1070 usitatum
611 1006 687 1083 erat,
713 1008 748 1069 ut
767 1005 881 1070 Seneca
892 1008 915 1088 ¹)
939 1005 970 1068 in
987 1005 1086 1069 matre
1102 1023 1157 1069 sua
1173 1004 1318 1070 Helvetia
1336 1005 1527 1082 laudaverit,

275 1108 537 1191 quod.uunqnarn
562 1127 629 1174 cam
653 1109 873 1174 foecunditatis
895 1159 950 1175 ...
975 1110 1144 1192 puduisset,
1170 1127 1326 1191 urruquam
1344 1127 1425 1172 more
1441 1109 1528 1174 alio-

277 1231 345 1276 rum
376 1212 459 1277 intra
489 1213 606 1278 viscera
638 1216 801 1295 conceptas
831 1232 899 1297 spes
927 1213 1092 1278 liberorum
1116 1213 1259 1278 elisisset.
1300 1211 1435 1276 Auctore
1460 1211 1526 1277 Ju-

276 1317 383 1381 venale
396 1318 421 1400 ⁹)
442 1318 546 1382 autem
570 1335 736 1400 puerperae
760 1317 840 1400 apud
866 1317 982 1382 nobiles
1007 1317 1056 1382 vix
1078 1316 1321 1382 inveniebantur.
1348 1315 1428 1380 Item
1446 1335 1528 1381 con—

276 1423 340 1484 stat
362 1420 443 1485 inter
466 1439 589 1497 ornnes,
616 1422 756 1505 patribus
779 1421 944 1486 infantium
970 1423 1102 1504 plurium
1128 1420 1358 1485 immunitatem
1381 1419 1528 1502 aliquam

276 1525 315 1588 ab
339 1525 481 1588 oneribus
504 1525 637 1608 publicis
660 1544 834 1590 concessam
852 1526 944 1590 luisse
961 1528 992 1590 et
1008 1544 1058 1590 sen
1074 1525 1250 1588 Germanici
1267 1525 1379 1588 liberos
1396 1525 1529 1589 lrabilos

275 1647 341 1692 esso
366 1629 460 1694 mirae
483 1629 657 1696 fertilitatis
668 1633 702 1711 ³).
733 1630 834 1694 Testis
858 1629 1026 1712 frequentis
1050 1630 1176 1694 abortus
1199 1629 1279 1712 apud
1302 1629 1454 1692 Romanos
1471 1634 1530 1694 est

276 1734 307 1798 et
330 1732 459 1798 Ovidius
473 1734 520 1819 ⁴):

516 1845 594 1900 Nunc
611 1847 718 1900 uterum
736 1846 826 1910 vitiat,
846 1862 915 1915 quae
937 1845 994 1900 vult
1013 1845 1128 1900 formosa
1145 1844 1231 1900 videri

515 1933 640 2002 Raraque
657 1933 686 1986 in
705 1933 754 1987 hoc
772 1949 837 1987 aevo
855 1936 905 1996 est,
926 1949 995 2002 qnae
1013 1932 1080 1988 velit
1098 1948 1156 1986 esse
1174 1947 1278 2002 parens.

377 2038 407 2104 2.
443 2036 533 2120 Apud
563 2037 695 2102 Graecos
724 2037 805 2102 idern
838 2037 1002 2102 nefandum
1032 2037 1131 2102 soclus
1158 2036 1296 2100 floruisse
1321 2035 1386 2118 jam
1419 2053 1456 2099 ex
1485 2055 1530 2100 eo

276 2140 451 2225 intellegas,
474 2141 554 2225 quod
578 2141 660 2225 apud
681 2141 752 2206 illos
775 2142 893 2225 primus
909 2141 1074 2219 iuvenitur,
1097 2141 1150 2224 qui
1166 2159 1219 2222 per
1234 2140 1357 2204 litteras
1373 2139 1527 2205 abortum

276 2247 434 2328 tamquam
468 2246 587 2310 licitum
613 2248 853 2330 propugnaverit
876 2248 906 2312 et
928 2243 1081 2324 docuerit,
1114 2245 1335 2328 Hippocratem
1361 2243 1428 2307 dico
1454 2263 1530 2308 me·

274 2349 422 2435 dicum⁶),
447 2352 479 2415 et
503 2350 583 2433 quod
604 2351 685 2416 viros
709 2350 886 2435 ceteroquin
909 2349 1049 2414 doctrina
1072 2351 1104 2415 et
1126 2348 1300 2414 conditione
1323 2347 1529 2412 excelleutis-

274 2453 367 2518 simos
390 2453 467 2518 illud
491 2454 646 2520 vindicare
671 2472 729 2519 non
752 2457 926 2537 pertaesum
950 2455 1007 2520 est.

378 2575 469 2639 Plato
500 2593 608 2658 nempe
621 2578 647 2659 6)
676 2577 708 2640 et
738 2575 922 2640 Aristoteles
934 2579 959 2656 ⁷)
996 2575 1138 2639 abortum
1173 2574 1273 2638 verbis
1304 2573 1386 2638 baud
1411 2573 1520 2637 dubiis

273 2678 499 2756 commendant,
516 2697 675 2761 quaerre
692 2678 782 2744 facile
797 2679 994 2757 intellexeris,
1011 2697 1090 2761 quae
1106 2680 1137 2742 in
1156 2678 1272 2743 scelera
1287 2679 1421 2742 humana
1436 2679 1528 2742 ratio

273 2781 400 2846 luminis
423 2781 545 2848 divinae
567 2782 765 2849 revelationis
788 2802 893 2866 expers
916 2783 1058 2848 aberrare
1081 2782 1187 2866 possit.

376 2905 406 2970 3.
444 2905 532 2986 Apud
559 2904 695 2970 Judaeos
725 2906 828 2969 autem
857 2905 935 2969 hano
965 2905 1048 2969 luem
1078 2905 1269 2970 rarissimam
1302 2905 1396 2970 luisse
1420 2923 1457 2968 ex
1483 2926 1528 2971 eo

273 3010 413 3091 apparot,
434 3009 516 3091 quod
539 3008 662 3094 Moysis,
688 3010 740 3092 qui
765 3010 880 3074 seelera
904 3010 1037 3073 bumana
1061 3009 1200 3092 »legibus
1225 3008 1357 3074 manime
1379 3011 1528 3074 strenuis

273 3111 448 3194 probibuit«
476 3113 512 3177 dc
533 3113 645 3178 abortu
667 3113 838 3178 voluntario
861 3113 960 3194 legem
987 3131 1044 3176 oon
1065 3113 1140 3177 tulit
1150 3113 1198 3195 8);
1233 3113 1312 3197 quod
1337 3113 1452 3177 multos
1479 3115 1527 3177 li-

203 3269 209 3277 s
273 3216 360 3280 beros
383 3235 556 3298 procreasse
581 3217 673 3282 matri
697 3216 868 3282 Hebraicae
891 3235 1029 3280 summae
1054 3216 1138 3281 laudi
1161 3218 1245 3293 erat;
1276 3216 1356 3299 quod
1385 3217 1530 3285 Messias

272 3338 308 3383 ox
330 3323 422 3402 gente
445 3319 566 3385 Judaea
589 3320 764 3386 nasciturus
788 3324 871 3396 erat3
896 3319 975 3402 qnod
996 3320 1126 3403 denique
1148 3321 1235 3404 virgo
1258 3320 1407 3384 deflorata
1433 3323 1528 3386 mul-

272 3423 397 3487 tabatur
420 3424 485 3488 sive
508 3425 623 3508 prolem
645 3424 783 3489 ediderat
806 3425 870 3488 sive
894 3442 990 3488 secus.
1029 3423 1173 3504 Quinimo
1190 3423 1300 3488 mulier
1317 3425 1427 3488 abortu
1446 3445 1530 3506 pro·

271 3531 378 3592 curato
400 3527 532 3612 duplicis
554 3529 678 3594 sceleris
700 3547 753 3594 rea
775 3529 965 3606 habebatur,
996 3527 1109 3593 scilicit
1134 3529 1214 3592 necis
1239 3531 1272 3592 et
1294 3527 1531 3596 deminutionis

376 3774 400 3842 1)
420 3773 453 3828 In
471 3775 652 3829 consolatione
670 3773 704 3828 ad
724 3776 837 3828 matrem
856 3773 989 3828 Helviam.

275 3905 282 3913 .
374 3859 601 3928 mmmm

373 3946 400 4014 3)
420 3947 543 4016 Zumpt,
561 3947 649 4002 Ueber
666 3946 717 4002 den
736 3945 822 4002 Stand
841 3945 889 4000 der
907 3945 1095 4016 Bevdllrerung
1114 3947 1195 4000 Rorns
1214 3949 1265 4001 etc.
1288 3946 1313 4000 S.
1333 3947 1365 4000 bl
1385 3949 1413 3999 et
1437 3947 1526 4004 Med·

270 4048 350 4087 rrcrs.
369 4031 532 4088 Gesohichte
549 4034 597 4088 der
613 4033 768 4102 llntartang
787 4033 868 4086 Rosos
888 4036 938 4089 ete.
957 4037 1006 4087 etc.
1044 4033 1153 4103 Leipzig
1173 4034 1249 4088 1791.
1287 4033 1313 4086 S.
1332 4032 1374 4086 98.

373 4118 401 4187 l)
419 4119 452 4174 In
471 4120 538 4190 cleg.
558 4121 669 4190 allegor.
690 4119 792 4173 ›Nun‹

372 4206 400 4275 5)
419 4205 506 4276 Opera
524 4207 635 4278 Hippos.
654 4207 694 4261 ed.
713 4223 729 4260 a
748 4207 795 4263 Dr.
810 4208 839 4263 J.
853 4208 885 4262 F.
901 4208 929 4264 C.
947 4206 1327 4277 Grtmm,Glogaviae1837,
1347 4207 1525 4276 Apborisma

270 4294 333 4346 sect.
352 4291 384 4346 V.
402 4293 475 4347 verb.
495 4293 537 4348 31.
556 4293 598 4348 34.

373 4377 401 4446 6)
419 4379 459 4433 De
477 4378 625 4446 Republica
641 4377 693 4433 loo
712 4379 742 4432 ld.
759 4381 819 4434 461.
839 4381 871 4435 A.
891 4380 921 4434 B.
941 4379 969 4435 b.

373 4465 400 4532 7)
419 4465 475 4519 ΡοΙ.
494 4464 530 4518 11.
549 4463 602 4518 lll.
621 4465 646 4528 6,
664 4466 689 4518 l.

371 4550 398 4620 8)
418 4550 621 4620 Disputationes
636 4551 1003 4622 physiologice-theologicae
1015 4555 1064 4606 etc.
1078 4555 1186 4607 anctore
1201 4559 1233 4607 A.
1248 4555 1282 4608 Ε.
1298 4553 1417 4607 Parisiis.
1436 4555 1523 4612 1884.

269 4652 332 4708 pag.
352 4637 409 4693 loo.
