3142 5204
521 1417 763 1484 Prooemium.

116 1737 233 1803 »Clare
257 1735 424 1800 innotescit
447 1755 483 1800 ac
505 1735 604 1818 liquet
628 1787 636 1802 .
660 1784 667 1797 .
692 1784 700 1799 .
724 1783 742 1810 .,
766 1734 866 1798 civilis
890 1733 1095 1800 humanitatis
1110 1735 1264 1801 rationem

49 1842 116 1905 lidia
139 1839 360 1906 fundamentis
383 1838 525 1917 destitui,
558 1839 618 1902 nisi
643 1838 777 1902 aeternis
800 1838 960 1922 principiis
984 1838 1125 1904 veritatis
1148 1840 1181 1904 et
1202 1839 1264 1904 im-

49 1945 177 2010 mobilis
200 1943 283 2008 recti
304 1942 439 2024 iustique
461 1942 583 2026 legibus
599 1941 763 2017 innitatur,
788 1959 823 2006 ac
840 1942 897 2006 nisi
916 1940 1073 2006 homiuum
1090 1941 1266 2006 voluntates

48 2063 95 2111 :ter
122 2067 158 2114 se
183 2047 310 2112 sincera
340 2046 464 2110 dilectio
494 2046 649 2111 devinciat
681 2045 911 2129 officiorumque
942 2046 1025 2110 inter
1052 2064 1103 2111 eos
1125 2045 1207 2110 vices
1230 2064 1267 2110 ac

48 2153 148 2217 aiones
172 2151 315 2215 suaviter
337 2150 520 2214 moderetur.
567 2149 712 2215 Jamvero
736 2150 840 2232 ecquis
864 2169 977 2234 negare
997 2149 1127 2227 audeat,
1160 2149 1266 2214 Eccle-

48 2276 92 2319 un
114 2275 201 2332 esse,
228 2273 309 2338 quae
333 2253 442 2318 diffuso
466 2274 517 2336 per
542 2259 650 2337 gentes
675 2255 837 2338 Evangelii
859 2255 1038 2336 praeconio,
1061 2255 1162 2318 lucem
1186 2254 1267 2318 verl-

48 2360 92 2422 ab
117 2361 204 2423 inter
236 2357 380 2420 efferatos
410 2358 536 2439 populos
565 2358 597 2420 et
627 2357 723 2421 foedis
755 2356 1026 2440 superstitionibus
1046 2355 1183 2422 imbutos
1206 2356 1264 2420 ad·

50 2461 102 2526 brit
143 2481 263 2543 eosque
305 2460 344 2524 ad
379 2460 516 2524 divinum
550 2480 653 2524 rerum
685 2462 842 2525 auctorem
872 2460 1098 2544 agnoscendum
1133 2462 1167 2526 et
1198 2479 1265 2527 sese

47 2565 225 2648 respiciendos
248 2563 416 2640 excitarim
448 2583 526 2646 quae
556 2563 716 2628 servitutis
744 2563 927 2629 calamitate
949 2564 1073 2629 sublata
1096 2564 1134 2628 ad
1161 2564 1268 2647 pristi-

38 2657 89 2732 *nn
116 2673 253 2734 naturae
285 2667 493 2732 nobilissimae
524 2668 710 2751 dignitatem
743 2667 881 2733 homines
912 2669 1089 2745 revocavit;
1123 2689 1202 2752 quae
1233 2669 1266 2733 in

38 2767 155 2837 'umbus
187 2775 295 2838 terrae
327 2773 425 2856 plagis
448 2772 667 2854 redemptionis
689 2774 778 2856 signo
800 2773 951 2856 explicato
973 2773 1111 2838 scientiis
1133 2775 1166 2836 et
1188 2773 1267 2838 arti·

58 2895 79 2938 a
96 2877 242 2940 adductis
267 2878 321 2940 aut
345 2895 400 2939 sno
416 2876 506 2939 tectis
523 2876 675 2956 praesidio
690 2876 816 2958 optimis
832 2876 972 2941 caritatis
991 2875 1154 2954 iust'tntis,
1179 2877 1267 2960 queis

57 2981 115 3042 anis
139 2981 267 3062 generis
289 2979 444 3045 aerumnis
467 2979 641 3043 consultum
666 2980 729 3058 est,
762 2979 900 3044 tondetis
932 2981 964 3045 et
994 2981 1025 3044 in
1054 2980 1186 3045 tutelam
1218 2999 1266 3044 re·

49 3085 114 3163 ¹epris
137 3085 254 3166 ubique
278 3084 436 3149 hominurn
461 3103 557 3168 genus
574 3083 718 3166 privatim
738 3087 770 3148 et
786 3084 909 3166 publice
928 3084 1070 3155 excoluit,
1092 3084 1267 3167 esqualore

48 3185 187 3250 iudicavit
211 3189 244 3250 et
265 3186 306 3250 ad
337 3188 418 3251 vitae
453 3187 582 3252 formam
616 3187 769 3252 humanae
800 3187 950 3270 dignitati
978 3207 1013 3252 ac
1043 3188 1107 3271 spei
1141 3206 1267 3252 consen·

39 3303 140 3354 eneam
164 3291 253 3354 omui
279 3289 383 3354 studio
406 3291 610 3373 composuit?

121 3393 213 3475 Quod
236 3394 355 3477 siquis
379 3413 471 3458 sanae
496 3395 607 3459 mentis
630 3396 709 3459 banc
732 3395 847 3478 ipsam,
874 3413 935 3477 qua
959 3395 1106 3473 vivimus,
1130 3397 1266 3461 aetatem

39 3497 171 3580 ,bllgioni
197 3500 230 3561 et
255 3497 410 3562 Ecclesiae
434 3497 551 3563 Christi
573 3498 813 3563 infensissimam
834 3518 904 3563 cunr
928 3499 966 3563 iis
996 3499 1187 3582 temporibus
1211 3519 1268 3564 au·

49 3601 236 3677 pientissimis
262 3599 415 3676 conserat,
442 3600 553 3683 quibus
577 3601 715 3667 Ecclesia
739 3601 784 3666 uti
806 3603 905 3666 mater
927 3620 946 3666 a
970 3603 1115 3686 gentibus
1140 3603 1266 3668 coleba-

49 3715 91 3778 m,
122 3705 249 3769 omnino
273 3705 456 3787 comperiet,
490 3707 625 3769 aetatem
655 3705 732 3769 hanc
763 3707 898 3770 nostram
924 3706 1208 3790 perturbationibus
1237 3709 1269 3771 et

59 3807 275 3873 ruelitionibns
298 3807 419 3888 plenam
442 3811 525 3875 recte
549 3828 584 3874 ac
608 3808 714 3892 rapide
735 3809 766 3872 in
790 3828 879 3873 suam
903 3810 1070 3891 perniciem
1093 3828 1199 3887 roere3
1231 3828 1269 3874 ea

52 3926 95 3972 aro
115 3914 257 3994 tempora
280 3911 405 3993 optimis
426 3911 590 3990 institutis,
615 3912 697 3975 vitae
718 3913 944 3994 tranquilitate,
969 3912 1078 3994 opibus
1095 3913 1127 3976 et
1143 3930 1267 3995 prospe·

40 3987 116 4082 bale
142 4033 178 4080 eo
213 4013 316 4096 magis
347 4013 501 4092 floruisse,
534 4034 593 4098 quo
622 4015 779 4081 Ecclesiae
810 4016 971 4099 regiminis
1000 4035 1036 4080 ac
1067 4017 1173 4099 legum
1199 4035 1264 4082 sese

40 4153 41 4166 ,
64 4117 268 4183 cervantioree
292 4117 395 4200 populi
418 4117 623 4183 exhibuerint.

125 4223 213 4304 Quod
230 4221 258 4286 si
273 4221 408 4304 plurima
423 4241 469 4300 ea,
493 4242 570 4305 quae
587 4222 832 4301 memoravimus,
856 4222 935 4287 bona
951 4241 987 4288 ac
1005 4221 1160 4287 Ecclesiae
1177 4222 1269 4287 mini·

55 4329 115 4390 sano
135 4331 166 4392 et
190 4326 323 4392 salutari
343 4344 398 4410 ope
423 4326 556 4407 protecta
580 4347 651 4393 vera
674 4328 746 4390 sunt
770 4326 973 4392 humanitatis
991 4326 1090 4391 civilis
1113 4345 1205 4409 opera
1227 4345 1264 4392 ac

58 4426 147 4506 iecora,
183 4431 308 4495 tantum
339 4430 443 4509 abest,
479 4433 513 4494 ut
545 4429 683 4495 Ecclesia
712 4429 829 4494 Christi
852 4431 891 4494 ab
915 4449 951 4494 ea
974 4431 1138 4495 abhorreat
1159 4449 1265 4495 eamve

57 4541 160 4614 apost,
189 4537 227 4598 nt
255 4533 295 4598 ad
323 4552 389 4597 sese
413 4534 517 4616 potius
537 4534 656 4599 altricis
679 4534 844 4616 magistrae
868 4537 899 4598 et
921 4534 1030 4598 matris
1053 4533 1120 4616 ejus
1146 4533 1268 4598 laudem

58 4639 143 4704 urim
164 4638 296 4704 censeat
318 4637 481 4721 pertinere.
558 4627 566 4648 ²
598 4633 602 4642 '
632 4633 637 4638 ’
680 4623 682 4628 ’

467 4813 469 4817 ’
537 4877 760 5008 esaar

1152 4743 1167 4806 l
