3142 5204
281 312 322 379 10
469 329 682 397 Hcldenreich,
703 331 783 388 Diae.
800 333 836 386 tn
855 345 916 386 cac.
935 331 988 386 ult.
1005 333 1101 385 conat.
1120 327 1224 402 Aponi.
1246 327 1341 384 Sedis.

612 522 764 608 Spaopais
787 524 1009 590 croniotomicc
1029 524 1188 590 historico.

379 645 597 720 Craniotomia,
615 667 692 730 quae
708 647 802 712 etiam
819 647 994 731 perduratio,
1008 647 1262 730 Cephalotripsia,
1280 643 1544 728 Embryotomia,

281 749 517 833 Sphenotresia,
553 750 779 826 Transforatio,
808 750 1059 838 Spondylotomia
1081 753 1139 818 etc.
1169 753 1295 816 vocatur
1317 753 1364 814 cst
1387 747 1547 830 operatio

282 854 472 932 obstetricia,
497 873 557 938 qua
580 855 679 920 locius
702 853 790 920 vivus
814 855 844 920 in
870 856 957 919 utero
980 856 1088 920 matris
1114 855 1311 930 interficitur,
1334 853 1444 917 deinde
1471 853 1545 916 eii-

283 959 415 1042 oitur1).
458 959 560 1046 Etiam
586 959 678 1024 huius
706 959 892 1041 operationis
926 961 1111 1025 mentionem
1135 961 1195 1024 iam
1220 959 1297 1024 iacit
1320 959 1547 1040 Hippocrates

283 1063 464 1147 (μάχαιραν,
499 1060 654 1146 μάχαιρα,
688 1064 854 1147 ἑλκυοτήρ)
883 1066 914 1128 et
944 1063 1013 1129 tum
1038 1083 1073 1128 aa
1096 1065 1142 1128 nti
1166 1064 1248 1136 vult,
1282 1065 1306 1126 si
1334 1063 1437 1127 inians
1460 1063 1543 1144 jam

288 1172 427 1233 mortuus
451 1167 549 1251 aurp
573 1168 647 1232 item
670 1167 786 1244 Celsus,
810 1168 862 1252 qui
887 1168 1033 1234 describit
1062 1168 1338 1250 »decapitationem
1363 1167 1542 1242 infantia«

286 1273 317 1336 et
340 1271 483 1337 Soranus.
515 1273 604 1354 Apud
629 1272 761 1337 medicos
786 1273 905 1338 Arabes
929 1273 1057 1337 inveniri
1081 1273 1159 1337 solet
1175 1273 1274 1336 totum
1291 1273 1383 1354 caput
1400 1271 1547 1336 uberius

282 1375 319 1439 de
344 1375 532 1442 extractione
556 1377 655 1442 foetus
679 1377 792 1442 mortui
815 1379 1002 1457 tractansit,
1024 1378 1115 1442 sicuti
1139 1377 1278 1442 collectio
1302 1376 1544 1459 permultorum

282 1481 556 1546 instrumentorum
583 1482 621 1546 ad
646 1501 712 1546 cam
736 1483 974 1566 perpetrandam
992 1485 1144 1566 aptorum.
1176 1483 1262 1546 Hanc
1278 1481 1544 1546 crudelissimam

287 1587 319 1650 ct
341 1584 629 1652 inhumanissimam
654 1588 859 1669 operationem
888 1590 919 1651 et
944 1587 976 1651 in
999 1588 1169 1652 infantibus
1189 1587 1290 1650 adhue
1312 1586 1389 1650 viris
1411 1587 1544 1650 exerci-

286 1691 350 1752 tam
380 1708 445 1754 esse
476 1690 555 1772 apud
586 1690 674 1767 illos,
712 1691 798 1756 nobis
829 1692 918 1756 testis
942 1694 990 1757 est
1011 1691 1207 1756 doctissimus
1230 1690 1283 1754 ille
1309 1689 1468 1772 Rodrigue
1499 1691 1546 1756 de

285 1792 403 1870 Castro,
420 1793 472 1876 qui
489 1794 563 1859 dicit
578 1797 625 1876 4);
652 1797 752 1861 »Puer
767 1797 853 1861 virus
869 1797 1015 1864 dissecari
1031 1796 1116 1860 nulla
1132 1795 1250 1860 ratione
1267 1795 1368 1870 debet,
1386 1797 1546 1875 quamvis

286 1897 459 1977 briscona,
485 1899 596 1964 Actius
620 1902 651 1966 et
675 1901 811 1966 Moschio
835 1901 865 1965 id
891 1901 1089 1983 praecipiant.
1136 1901 1204 1966 Non
1228 1899 1308 1963 enim
1333 1897 1408 1964 licet
1432 1919 1544 1964 unum

284 2002 457 2069 interlicere
481 2005 609 2069 alterius
632 2006 714 2070 ritae
738 2007 849 2089 gratia,
875 2005 928 2070 sed
948 2006 1112 2088 implorato
1135 2005 1237 2070 divino
1261 2003 1374 2070 auxilio
1391 2004 1546 2068 medioa-

285 2107 400 2173 mentis
422 2108 656 2176 insistendum«

393 2211 612 2278 crudelissimo
646 2234 791 2298 persaepe
833 2213 999 2294 agebatur,
1049 2216 1080 2279 et
1125 2215 1226 2278 adbuc
1266 2212 1387 2278 saeculo
1427 2215 1546 2278 novis-

286 2317 365 2382 sime
395 2320 519 2400 peracto
552 2319 660 2384 Deisch
694 2321 725 2384 et
757 2319 977 2384 Mittellranser
1006 2338 1063 2385 non
1094 2319 1315 2384 erubescebant
1336 2317 1368 2381 in
1399 2317 1543 2400 longum

270 2423 319 2486 'et
348 2422 447 2487 latum
478 2423 580 2506 palam
610 2424 726 2489 scelera
756 2443 812 2488 sua
842 2425 1064 2505 enumerarcli.
1113 2423 1222 2487 Rarius
1245 2421 1394 2488 eiusmodi
1419 2441 1541 2503 opera-

286 2527 386 2591 tiones
409 2529 638 2606 exercebantur‚
663 2547 698 2593 ex
721 2548 780 2611 quo
804 2528 963 2594 Ambrcise
986 2529 1065 2593 Pare
1091 2549 1118 2596 a.
1148 2527 1231 2593 1550
1264 2527 1361 2590 denuo
1385 2526 1540 2606 contigit,

275 2631 321 2696 -ut
350 2631 451 2696 inians
479 2631 511 2695 in
535 2634 621 2697 utero
651 2633 761 2697 matris
791 2633 822 2697 in
856 2633 946 2715 pedes
970 2635 1156 2709 verteretur,
1190 2635 1221 2697 et
1251 2629 1368 2713 ibrccps
1391 2631 1542 2695 invenie-

286 2734 413 2819 batur⁶)
446 2736 485 2801 ab
518 2737 548 2802 J.
581 2737 679 2802 Paliin
715 2737 815 2816 1723,
855 2739 901 2802 ita
939 2741 975 2803 ut
1012 2737 1124 2802 nostris
1153 2737 1343 2820 temporibus
1373 2734 1544 2818 plerisque

286 2840 414 2905 medicis
446 2841 606 2922 displiceat
639 2845 670 2906 et
697 2843 738 2906 sit
760 2843 905 2907 ultimum
932 2842 1086 2926 refugium
1111 2863 1169 2907 non
1194 2841 1291 2906 solum
1317 2841 1347 2903 in
1373 2839 1454 2902 vivis
1480 2841 1544 2904 sed

287 2945 382 3010 ctiam
414 2947 544 3010 mortuis
573 2947 743 3012 infantibus
754 2951 789 3027 ⁷).
837 2947 954 3012 Taedet
986 2966 1164 3011 enumerare
1197 2947 1280 3011 varia
1310 2945 1544 3020 instrumenta,

286 3069 363 3133 quae
386 3050 423 3114 ad
448 3051 530 3115 bunc
551 3050 644 3115 finem
668 3051 922 3133 excogitabantur
944 3051 1097 3134 imprimis
1114 3071 1133 3115 a
1152 3049 1308 3114 britannis
1331 3047 1372 3133 (v.
1397 3067 1426 3126 g.
1450 3048 1546 3113 Kra-

286 3155 447 3228 nioclaste,
480 3153 811 3239 &amatory-forceps
839 3158 920 3232 etc.;
958 3155 1082 3237 h'crcipe
1118 3155 1303 3236 perforatore
1328 3152 1377 3216 dei
1400 3153 1545 3218 Fratelli

286 3259 415 3336 bollini3
439 3259 618 3342 Ilorcepscie
637 3281 655 3325 a
671 3260 849 3324 Vonhuorel
873 3262 942 3336 otc,
966 3259 1164 3341 Ocpbalotrib
1189 3280 1207 3323 a
1230 3259 1375 3322 Scanaoni
1397 3259 1546 3341 elc.⁸);)

391 3400 416 3468 1)
436 3399 618 3456 Graniotomia
637 3401 678 3454 est
697 3401 790 3454 stricte
806 3400 986 3468 interpretata
1004 3399 1044 3452 nil
1061 3398 1135 3454 aliud
1150 3415 1231 3468 qnam
1245 3397 1354 3451 abortus
1368 3396 1547 3454 artificialis.

288 3487 356 3542 Cum
380 3488 471 3541 antem
497 3487 656 3556 plerumque
682 3485 792 3540 abortus
820 3485 918 3540 dicitur
944 3486 1038 3539 eiectio
1063 3485 1115 3538 viri
1140 3485 1228 3539 foetus
1246 3483 1383 3538 immaturi
1402 3499 1434 3536 ex
1453 3487 1548 3540 utero

286 3575 396 3638 matris,
421 3575 485 3644 quin
506 3576 588 3628 antea
606 3573 695 3628 infans
714 3573 743 3627 in
761 3576 838 3627 utero
857 3573 1008 3634 occidatur,
1037 3572 1212 3627 oraniotomia
1235 3575 1325 3626 autem
1343 3569 1407 3632 illa,
1427 3570 1456 3622 in
1483 3589 1547 3640 qua

287 3661 375 3716 foctns
394 3661 423 3715 in
441 3663 518 3716 utero
538 3662 619 3714 antea
638 3659 770 3714 occiditur
793 3663 820 3714 ct
843 3660 904 3713 dein
927 3659 1094 3722 extrahitur,
1123 3659 1300 3712 admittamus
1327 3655 1546 3712 distinctionem

286 3748 358 3802 inter
377 3747 499 3802 abortum
519 3749 547 3801 et
564 3746 766 3801 craniotomiam
785 3746 812 3799 in
832 3747 924 3800 nostro
943 3745 1070 3814 opusculo
1091 3744 1178 3814 quoad
1203 3741 1328 3806 verbnm,
1357 3759 1410 3796 non
1438 3745 1546 3798 autem

289 3833 376 3904 quoad
396 3851 461 3888 rem.

390 3921 417 3990 2)
436 3921 661 3992 L'embryotomie
679 3937 714 3974 aa
732 3920 809 3989 point
827 3919 860 3974 do
879 3937 928 3974 roc
947 3919 1067 3988 theolog.
1087 3921 1115 3972 et
1133 3917 1234 3972 morale
1246 3933 1295 3985 par
1307 3915 1333 3970 le
1350 3917 1379 3968 Ρ.
1395 3917 1426 3968 Α.
1442 3917 1548 3972 Esch-

288 4009 372 4063 hucb.
408 4008 485 4063 Paris
505 4009 579 4072 1816,
599 4025 661 4077 pag.
683 4009 724 4062 15.

391 4094 418 4163 3)
437 4095 596 4160 Schrader,
615 4095 634 4150 l.
653 4111 674 4149 c.
693 4111 756 4164 pag.
774 4093 826 4148 333
845 4109 919 4162 seqq.

391 4181 418 4248 4)
437 4181 465 4235 in
486 4181 555 4236 libro
574 4198 669 4250 quern:
688 4181 746 4234 ‘Dc
764 4178 864 4234 morbis
882 4179 1041 4233 muliorum«
1062 4175 1228 4244 conscripsit,
1247 4176 1265 4229 l.
1283 4177 1301 4229 4
1320 4192 1342 4230 c.
1360 4175 1401 4228 11.

392 4268 419 4336 5)
439 4268 596 4333 Sabi-oder,
615 4269 635 4322 l.
655 4266 734 4321 modo
752 4283 774 4320 c.

391 4355 417 4420 6)
439 4353 652 4424 Capellnrurrra,
671 4355 688 4410 1.
709 4370 731 4408 c.
752 4369 812 4422 pag.
831 4354 856 4407 4.

392 4444 419 4510 7)
441 4441 601 4504 Schrader,
621 4441 638 4495 l.
659 4439 737 4495 modo
756 4455 777 4494 c.

390 4528 418 4595 8)
436 4527 469 4581 cl.
490 4527 648 4589 Schrader,
668 4526 687 4580 l.
706 4543 728 4580 c.
747 4528 775 4580 et
793 4542 855 4594 pag.
877 4526 941 4590 350;
962 4525 1066 4580 Stiebcl
1082 4524 1117 4592 jr.
1136 4524 1172 4578 hl.
1193 4524 1212 4576 f.
1231 4521 1262 4576 G.
1283 4521 1313 4574 B.
1331 4521 1381 4582 28,
1401 4536 1465 4588 pag.
1489 4523 1543 4588 6&

289 4615 382 4670 Kidd.
406 4613 519 4682 (Dublin
544 4617 633 4683 quart.
652 4613 678 4669 J.
697 4613 760 4682 May
780 4613 862 4676 1878,
886 4629 911 4681 p.
930 4611 1008 4680 383),
1039 4613 1172 4680 Wriphl,
1204 4608 1293 4663 Obstr.
1320 4606 1345 4660 J.
1377 4607 1407 4660 ol
1432 4607 1541 4664 Gread.

289 4701 404 4757 Britain.
425 4701 483 4757 Oct.
505 4701 579 4768 1814,
598 4718 660 4772 pag.
679 4700 758 4768 425);
780 4701 929 4770 Limpcon
948 4699 1015 4763 (Sel.
1033 4697 1124 4754 Obstr.
1143 4697 1239 4752 Worlrs
1258 4695 1280 4750 Ι.
1299 4694 1374 4756 1871,
1392 4709 1418 4762 p.
1439 4695 1518 4764 502).
