3142 5204
350 320 484 381 Abortae
502 320 680 396 artificialis
698 330 727 384 et
746 327 965 384 crandotomiu.
1225 305 1274 374 '51

43 497 183 562 uentura
208 499 309 575 essct,
340 499 413 581 quia
435 500 529 577 tunc,
558 498 584 562 si
607 498 726 563 abortio
750 497 929 581 contingat,
960 516 1019 562 uon
1041 499 1184 564 censetur
1206 517 1275 582 pro·

42 603 155 679 curata,
184 601 242 666 sed
264 600 365 666 solum
389 601 558 685 permissa3
591 621 661 668 nam
685 603 806 685 praeter
829 601 1031 667 intentionem
1062 620 1119 667 nec
1150 621 1186 667 ex
1211 603 1277 686 ipso

42 724 116 788 opere
142 705 282 789 contigit
305 708 405 770 matre
426 707 532 770 utente
554 724 609 770 suo
629 706 715 772 iure:
750 707 849 770 mater
880 705 962 770 enim
986 705 1097 770 intuli
1121 725 1194 773 casu
1217 726 1275 772 nou

42 810 170 891 privatur
200 809 268 874 iure
295 809 404 874 utendi
433 809 577 874 remediis
607 809 644 874 nd
677 810 757 875 vitae
784 827 858 874 suae
881 809 1143 876 conservationem
1172 827 1276 886 neces-

41 914 117 978 ariis
141 932 202 978 nec
224 932 279 996 per
301 932 334 977 se
357 915 498 980 abortum
522 914 767 997 procurantibus.
810 913 879 979 Non
903 913 977 979 licet
999 917 1105 979 tamen
1130 914 1224 980 matri
1242 932 1277 982 ex

42 1017 135 1082 norbo
159 1017 354 1100 periclitanti
377 1036 497 1082 sumere
518 1037 573 1082 nec
597 1018 625 1082 ei
648 1018 720 1082 dare
742 1018 941 1100 pharmacum
967 1017 1112 1100 quodvis,
1142 1037 1202 1101 quo
1224 1035 1276 1084 en·
1384 1073 1387 1075 .

42 1123 169 1204 pellatur
194 1121 243 1187 vel
266 1121 376 1204 expelli
398 1123 496 1205 possit
520 1123 618 1188 loetns
646 1122 741 1186 etiam
772 1121 979 1200 inanimatus,
1012 1123 1153 1206 quamvis
1184 1121 1278 1188 matri

40 1226 214 1290 inmineret
236 1225 365 1290 infamia
392 1227 440 1292 vel
464 1244 546 1291 mors
567 1225 727 1290 inferenda
748 1227 786 1291 ab
810 1227 995 1303 extrinsece,
1028 1226 1101 1309 qnia
1121 1228 1204 1292 tunc
1229 1226 1276 1291 di-

40 1335 111 1395 recte
142 1329 321 1396 intenditur
350 1331 477 1396 abortus
511 1330 549 1396 ad
581 1329 739 1395 vitandam
762 1329 922 1395 infamiam
947 1331 995 1395 vel
1018 1333 1148 1396 mortem
1174 1382 1180 1395 .
1206 1381 1212 1397 .
1237 1380 1276 1399 ..

42 1435 122 1518 llesp.
148 1435 188 1498 3⁰
212 1432 245 1499 Si
270 1435 367 1516 proles
394 1435 614 1512 sitammam,
646 1434 696 1498 vel
718 1432 887 1512 dubitetur,
912 1453 951 1499 au
974 1434 1031 1510 sit,
1067 1436 1115 1500 cst
1137 1435 1278 1512 mortale,

41 1539 185 1603 adbibere
209 1537 380 1603 remedium
405 1538 520 1603 directe
542 1538 714 1602 curativum
740 1539 848 1603 matris
871 1537 922 1602 sed
947 1557 1017 1603 cum
1041 1539 1175 1621 periculo
1198 1558 1280 1606 mor·

41 1649 80 1706 lus
103 1644 230 1718 laetus,
262 1642 288 1706 si
311 1642 468 1726 probabile
492 1644 555 1721 est,
579 1660 614 1707 co
636 1659 695 1707 non
718 1645 841 1725 sumpto
864 1642 979 1726 prolem
1003 1641 1105 1708 vivam
1128 1642 1278 1708 edendam

40 1766 94 1812 esse
132 1749 166 1812 et
203 1747 248 1812 sia
279 1746 505 1829 baptizandam.
553 1747 608 1810 nst
641 1746 812 1811 communis
844 1747 1007 1812 sententia.
1066 1745 1146 1827 Quia
1179 1749 1280 1812 mater

40 1853 176 1929 tenetur,
211 1851 346 1916 salutern
369 1863 524 1916 aeternam
556 1851 650 1933 prolis
680 1851 712 1915 in
743 1852 879 1915 extrema
905 1850 1089 1916 necessitate
1126 1851 1279 1934 praeferre

41 1956 112 2021 ritae
137 1955 284 2039 propriae
307 1955 457 2039 corporali
480 2006 486 2019 .
512 2007 519 2022 .
544 2006 551 2021 .
576 1955 692 2036 Quodsi
716 1955 843 2038 aequale
864 1955 1035 2037 periculum
1066 1957 1114 2021 cst
1142 1956 1279 2034 abortus,

40 2062 93 2124 eice
117 2059 297 2125 remedium
321 2061 461 2124 sumatur
486 2060 550 2124 sive
579 2079 655 2136 non,
686 2059 759 2125 lieet
793 2059 887 2124 matri
920 2059 1000 2124 illud
1034 2078 1172 2137 sumere,
1206 2059 1281 2142 quia

41 2171 104 2230 tunc
129 2165 203 2228 sine
225 2163 340 2230 maiore
363 2164 499 2248 periculo
523 2183 559 2228 ac
583 2164 694 2228 damno
718 2163 888 2228 consulitur
912 2163 994 2228 vitae
1016 2164 1156 2232 matris«

136 2266 277 2351 Aequali
307 2267 395 2333 modo
424 2267 633 2350 quaestionem
663 2269 799 2332 nostrum
830 2267 924 2331 solvit
964 2266 1059 2334 Ootlet
1088 2268 1121 2350 (†
1147 2267 1243 2345 1770)
1254 2269 1279 2348 ¹)

41 2377 64 2436 et
94 2371 253 2452 auceia),
287 2390 322 2435 ex
354 2391 413 2456 quo
451 2389 562 2454 ponere
595 2371 683 2436 iuvat
715 2388 890 2454 responsum
916 2371 1124 2454 quaestionis:
1160 2371 1280 2450 silices,

41 2477 101 2560 quid
127 2477 157 2542 si
183 2478 291 2540 autem
311 2477 421 2553 foetus,
445 2477 635 2558 supponatur
654 2476 717 2540 iam
735 2476 906 2543 animatus:
931 2474 1076 2540 licebitne
1094 2475 1280 2540 etiamtunc

41 2601 152 2646 umere
178 2579 366 2644 medicinam
390 2599 444 2663 per
467 2599 499 2644 se
522 2584 554 2643 et
578 2580 693 2645 directe
716 2580 815 2644 solum
838 2580 1017 2644 tendentem
1037 2579 1077 2644 ad
1100 2579 1278 2657 sanitatem,

40 2685 160 2750 temetsi
189 2683 407 2766 praevideatur
429 2685 598 2766 periculum
623 2685 776 2748 abortus?
800 2703 828 2749 n.
853 2684 936 2748 766:
962 2683 1038 2748 Cum
1063 2683 1280 2750 distinetione:

40 2791 58 2852 ui
78 2790 166 2853 enim
191 2787 344 2872 affulgeat
364 2805 433 2870 spes
454 2789 486 2854 et
508 2789 733 2870 praevideatur,
759 2787 822 2851 lore
844 2791 890 2863 ut,
914 2788 940 2851 si
965 2789 1064 2852 mater
1087 2786 1282 2852 abstineata

40 2893 228 2968 medicinae,
265 2890 367 2956 infans
400 2892 442 2956 sit
472 2891 645 2957 crescitarus
675 2891 762 2956 vivus
791 2895 823 2955 ct
846 2892 1047 2972 perventurus
1070 2890 1109 2955 ad
1133 2890 1281 2974 baptismi

40 2997 191 3078 gratiam,
216 2996 373 3060 tenebitur
396 2997 496 3062 mater
518 2996 672 3060 abstinere
696 3015 714 3059 a
737 2993 907 3072 medicina,
932 2995 1027 3060 ctiam
1050 3014 1120 3060 cum
1143 2995 1281 3078 periculo

40 3103 121 3180 ritae,
148 3100 231 3184 quia
250 3099 365 3164 virtute
386 3099 526 3165 caritatis
549 3117 585 3165 ac
608 3099 733 3182 pietatis
756 3099 923 3182 obligatur,
948 3099 1043 3164 vitam
1067 3101 1224 3164 aeternam
1249 3102 1281 3164 et

39 3205 232 3287 spiritualem
257 3203 385 3269 infantis
407 3203 560 3288 praeferre
583 3204 679 3268 saluti
702 3203 815 3286 proprii
839 3204 983 3286 corporis.
1021 3203 1172 3288 Hencque
1195 3203 1283 3269 uitae

40 3311 173 3374 caducae
212 3308 366 3372 iacturam
400 3303 572 3373 christiana
606 3310 705 3372 muter
739 3307 964 3391 aequanimiter
995 3307 1094 3384 ieret,
1125 3309 1168 3398 ut
1201 3306 1280 3390 proli

41 3413 185 3496 baptismi
209 3411 336 3476 liuentis
359 3412 529 3477 abluendae
553 3412 649 3478 vitam
666 3415 821 3476 aeternam
839 3413 1006 3493 comparet.
1030 3409 1183 3496 (domm,
1201 3411 1222 3478 l.
1239 3415 1281 3494 c.)

42 3517 153 3582 Contra
190 3534 278 3592 vero,
309 3517 335 3580 si
366 3516 414 3580 rel
442 3516 526 3580 nulla
560 3516 607 3580 vel
644 3519 728 3580 certe
761 3515 872 3599 exigua
906 3517 1053 3599 appareat
1085 3533 1156 3598 spes
1187 3513 1283 3581 dedu-

41 3623 120 3686 cendi
142 3621 267 3704 prolem
291 3619 330 3683 sd
351 3620 497 3703 baptismi
520 3620 674 3705 gratiam,
698 3638 758 3684 non
781 3621 905 3685 tenetur
926 3619 1081 3686 abstinere
1104 3639 1122 3685 a
1146 3619 1281 3684 medicu-

43 3727 170 3792 ncntis:
195 3743 286 3807 quem
308 3723 389 3790 enirn
412 3725 443 3788 iu
467 3724 640 3809 {mamille

139 3829 326 3910 Expressius
349 3828 541 3894 referendum
562 3831 619 3905 cst,
643 3828 718 3910 quid
733 3828 765 3893 in
783 3829 842 3895 hac
860 3846 893 3892 re
907 3827 1069 3893 tenuerint¹
1087 3827 1139 3894 De
1150 3827 1284 3910 Laepob,

17 3903 18 3932 ³
48 3932 661 4016 eaquae(†1eor)as.npa0nsus‚
686 3933 721 3995 ut
744 3951 779 3997 a
799 3932 875 4015 ipsis
898 3931 1000 3996 varen
1021 3929 1191 4014 intelligas,
1217 3949 1285 4014 per·

44 4055 141 4116 peram
162 4037 236 4100 illos
252 4036 524 4120 Gara-Balloniti
538 4035 636 4101 citare
652 4037 774 4119 pessel)
794 4034 968 4101 delensorcs
984 4033 1131 4100 liceitatis
1147 4034 1283 4102 abortus.

145 4174 174 4242 1)
193 4175 324 4229 Instruet.
347 4173 468 4244 theolog.
492 4174 585 4230 moral.
616 4173 742 4244 Lugduni
767 4174 833 4228 1768
860 4175 897 4228 tc.
923 4171 962 4228 11.
986 4172 1019 4227 de
1045 4170 1168 4242 decalog.
1192 4187 1234 4242 cp.
1252 4170 1285 4228 V.

47 4278 64 4316 Ι,
80 4263 133 4319 m·
141 4261 323 4418 2⁸)eci'b1eolog.
340 4347 440 4404 moral:
460 4364 573 4404 sacram.
589 4366 616 4417 p.
634 4348 678 4404 111
696 4346 949 4418 Augustae-Vindcl
967 4349 996 4402 et
1013 4344 1111 4402 Gracia
1131 4345 1198 4401 1783
1214 4343 1285 4402 Gou-

47 4435 135 4493 lerent.
157 4435 236 4492 XIX.
256 4454 281 4490 n.
299 4435 447 4491 aea-467.

145 4523 175 4590 8)
194 4520 228 4576 cf.
248 4521 286 4576 La
306 4520 384 4576 Orcix
401 4521 421 4574 l.
437 4520 492 4580 111.
509 4538 535 4589 p.
553 4521 576 4576 1.
595 4539 620 4577 n.
638 4521 688 4578 825
708 4524 736 4576 ct
754 4519 819 4576 Veii
836 4537 900 4590 pag.
919 4520 942 4575 1.
960 4538 987 4575 n.
1006 4519 1066 4588 668,
1083 4519 1142 4585 671,
1161 4515 1288 4574 casuali.

143 4609 174 4678 4)
193 4610 251 4662 nat.
270 4625 294 4664 a.
314 4608 390 4668 1583.
409 4606 477 4663 obiit
494 4624 519 4662 a.
538 4608 614 4662 1660.
890 4613 893 4620 '

146 4695 176 4766 5)
194 4696 215 4750 l.
232 4711 256 4752 ε.
273 4699 295 4752 t.
311 4695 334 4751 l.
352 4713 377 4752 u
395 4695 448 4752 402
465 4697 556 4750 nome.
1139 4761 1185 4824 υ
