3142 5204
321 295 456 350 Abortae
474 294 652 364 artificialia
670 299 698 351 et
718 296 937 351 montotamtc.
1206 276 1246 342 57

68 467 177 534 uentibus
196 469 272 530 tuno
294 465 369 548 ipsis
390 465 518 532 medicis
547 466 643 531 secari
675 467 706 530 et
733 466 829 531 occidi
864 485 958 530 unum
993 466 1137 548 idemque
1171 467 1248 544 arat,

69 573 206 647 uranum,
232 569 308 653 quia
330 569 423 634 talem
446 570 653 652 operationem
677 589 712 636 ox
734 589 766 634 se
790 569 933 635 illicitam
956 569 1123 634 duxissent.
1171 570 1248 636 (ium

68 693 172 757 pprassn
192 674 271 738 artis
294 672 485 738 medicinalis
511 675 543 738 et
565 673 752 738 adiumentis
776 672 846 738 aliis
869 673 1003 737 inventis
1025 674 1248 758 hysterctonria

67 777 308 860 optemperans
331 776 450 841 feticius
473 777 612 853 eveniat,
639 779 673 840 ot
696 778 775 842 intra
797 776 932 854 ridebis,
955 797 1014 842 non
1039 776 1170 853 mirum,
1194 795 1249 842 cur

67 882 190 946 recentiores
212 899 281 945 eam
305 880 498 964 permittant,
523 880 643 944 nemine
667 880 796 944 tortasse
819 883 985 958 asserente,
1009 879 1097 945 illam
1118 899 1183 946 esse
1198 880 1247 944 in-

67 984 162 1050 tirrecus
181 985 387 1049 inhonestam.
435 984 536 1049 Multo
565 1003 652 1049 secus
684 1003 746 1049 rem
777 1004 809 1048 se
842 984 954 1050 hahere
978 984 1010 1048 in
1035 984 1248 1066 provocatione

65 1089 140 1152 ntortos
168 1091 199 1152 et
228 1088 465 1164 craniotomiae,
501 1087 569 1170 quis
600 1089 665 1165 est,
700 1089 772 1171 quin
806 1088 998 1172 intellegat?
1043 1088 1124 1152 Nam
1156 1089 1248 1154 haece

64 1191 197 1276 ¹:tirnrgicae
217 1191 411 1276 operationes
433 1193 506 1255 sunt
530 1191 713 1256 intrinsecos
737 1194 768 1255 et
791 1211 844 1274 per
866 1211 898 1256 se
923 1191 1033 1268 malae,
1057 1192 1130 1273 quia
1149 1191 1247 1256 horni-

63 1295 137 1373 itinn,
157 1297 284 1380 ideoque
308 1296 392 1361 uullo
414 1295 614 1362 scientiarum
639 1295 802 1379 quantovis
819 1315 982 1380 progressu
999 1295 1146 1360 honestae
1161 1294 1247 1360 reddi

64 1404 143 1478 parnt
154 1405 184 1479 ¹).

265 1529 392 1594 Medico
414 1550 477 1594 eron
500 1531 641 1612 competit
664 1531 714 1594 ius
736 1530 817 1595 vitoe
838 1531 989 1612 necisque.

120 1659 229 1724 Medico
252 1659 435 1742 pracsertim
457 1659 644 1737 obstetricia,
669 1659 813 1742 inquiunt
836 1659 1014 1734 adversarii,
1038 1659 1186 1741 compet't
1200 1657 1247 1723 ius

59 1759 102 1824 trae
121 1763 262 1846 necisque.
300 1762 426 1828 (loetum
451 1762 572 1826 illorum
598 1763 780 1834 sumendam
804 1781 869 1828 esse
886 1765 921 1827 nt
937 1761 1074 1826 tribunat
1090 1761 1245 1844 publicum

59 1864 157 1946 ,terreque
179 1868 223 1932 eis
248 1866 286 1930 de
307 1866 415 1930 abortu
441 1866 472 1930 et
494 1867 696 1931 crauiotomia
719 1866 921 1931 admittendis
950 1865 1119 1930 diiudicare
1151 1885 1247 1949 caque

58 1971 193 2049 perpetrare.

117 2072 177 2138 Iam
201 2071 375 2157 recedere),
399 2072 555 2138 referendo
572 2075 706 2152 tanturn,
730 2073 894 2140 annuntiat
910 2075 1028 2140 locutos
1045 2093 1110 2138 esse
1127 2074 1165 2138 de
1181 2074 1247 2138 iure

56 2173 101 2238 itae
117 2193 147 2241 ac
168 2178 251 2243 necis
276 2176 462 2242 medicorum
488 2196 584 2260 neque
607 2197 716 2261 operae
733 2196 798 2242 esse
816 2179 914 2260 putat,
931 2176 963 2241 id
979 2177 1142 2242 defendere
1153 2180 1188 2261 θ).Ι
1208 2215 1244 2224 -

55 2273 113 2343 tono
131 2300 185 2346 non
209 2281 306 2346 habet
327 2281 376 2344 ins
396 2283 427 2345 et
450 2282 667 2346 anctoritatem
695 2283 725 2345 in
750 2281 903 2365 propriam
928 2281 1057 2365 vitam⁴)
1081 2300 1178 2364 neque
1198 2280 1246 2346 itti

55 2377 93 2444 icet
116 2383 224 2450 directe
256 2384 389 2467 seipsum
421 2384 557 2450 occidere
587 2386 700 2468 absque
726 2383 831 2449 divina
861 2383 1103 2468 auetoritatett),
1136 2385 1247 2449 nedum

54 2482 109 2549 tion
129 2489 183 2553 nisi
207 2507 243 2554 ex
267 2488 453 2554 auctoritate
476 2488 644 2572 publicai),
668 2489 741 2572 quia
761 2489 808 2552 ins
832 2489 1009 2554 absolutum
1026 2488 1058 2552 in
1075 2488 1173 2554 vitam
1191 2489 1245 2554 ho·

42 2546 106 2658 ininis
126 2593 237 2658 nemini
263 2592 410 2675 competit
434 2592 491 2656 nisi
514 2593 571 2656 soli
598 2593 660 2656 Deo
684 2592 831 2657 Creatori.
867 2593 964 2657 »Cum
982 2583 1040 2657 nan
1057 2591 1138 2658 alius
1153 2611 1246 2675 quam

42 2683 100 2755 itus
118 2695 247 2762 hominis
264 2697 359 2762 ritem
383 2696 557 2762 condiderit
572 2715 608 2760 ac
621 2697 807 2770 conflaverit,
829 2695 964 2781 profecto
980 2695 1138 2762 nonsalius
1154 2715 1246 2780 quarn

51 2791 96 2858 itm
107 2818 239 2864 summus
257 2817 362 2864 rerum
382 2799 482 2884 opiter
500 2803 554 2864 ant
571 2801 692 2876 saltem,
710 2801 763 2884 qui
778 2800 913 2865 eiusdem
933 2799 1121 2866 auctoritate
1138 2799 1246 2866 merito

51 2905 165 2966 censeatur
180 2904 362 2981 instructus,
379 2904 508 2968 eandem
529 2904 670 2970 destuere
690 2907 782 2987 atque
800 2905 979 2988 extinguere
995 2905 1062 2968 iure
1078 2906 1243 2987 potesta«

113 3005 257 3086 Quamvis
282 3026 394 3092 magna
417 3007 459 3072 sit
480 3007 649 3073 auctoritas
677 3008 881 3086 medicorum,
915 3008 1041 3072 minime
1070 3011 1173 3076 tamen
1202 3007 1246 3072 eis

49 3107 172 3174 auctoritas
195 3110 321 3194 publica
338 3110 536 3176 attribuenda
553 3114 601 3175 est
616 3131 713 3194 neque
730 3111 909 3176 deducenda
921 3131 956 3175 cx
968 3111 1038 3176 Iure
1053 3112 1244 3191 carronioo⁸).

49 3204 85 3272 itsi
103 3213 233 3278 tribunal
258 3213 415 3296 pubiicum
438 3213 567 3280 duorum
597 3215 643 3280 vet
675 3215 769 3280 trium
801 3210 988 3280 martinorum
1021 3215 1124 3305 contio
1154 3217 1243 3294 esset,

49 3309 74 3374 oti
92 3319 173 3386 ronst
220 3317 308 3384 »Uno
330 3317 395 3382 etro
417 3318 470 3400 qui
494 3317 542 3382 n'a
566 3339 641 3402 pour
664 3323 750 3384 toute
774 3319 897 3386 defense
920 3339 979 3403 qne
1002 3339 1056 3384 sou
1079 3320 1243 3384 innocense

47 3419 100 3480 rtsa
119 3421 338 3504 taiblesse⁹)?‹
385 3421 583 3487 Innocentem
609 3425 713 3488 autern
739 3423 855 3488 directe
879 3424 1028 3509 supplicio
1051 3423 1185 3488 multare
1210 3440 1245 3486 ne

47 3522 202 3602 reperentur
231 3523 354 3608 quidem
381 3524 454 3592 ticet
467 3528 516 3609 ¹⁰).
562 3526 664 3608 Quare
697 3527 752 3591 viri
784 3525 924 3593 timorati
954 3548 990 3592 ex
1021 3527 1121 3592 medic
1149 3526 1245 3592 medi·

47 3639 112 3690 oron
133 3627 269 3711 ipsorum
290 3627 322 3693 id
346 3630 511 3712 respuunt,
538 3650 563 3698 v.
587 3651 617 3715 g.
646 3633 696 3697 Dr.
721 3631 942 3716 Romanunm
972 3632 1035 3696 »itu
1061 3632 1185 3714 partaut
1207 3629 1244 3694 da

47 3733 315 3756 Q·—

113 3783 135 3852 1)
153 3785 184 3840 ct.
202 3785 277 3840 infra
295 3783 534 3854 Hysterotcmiam.

111 3869 134 3938 2)
151 3873 169 3926 t.
188 3889 211 3928 e.
230 3872 284 3928 rol.
301 3871 323 3926 1.
342 3887 404 3941 pag.
424 3871 465 3925 33.

111 3956 134 4025 3)
151 3959 221 4014 citat
241 3959 369 4020 Adrcna,
384 3955 556 4022 Naturrecht,
578 3975 638 4029 pag.
658 3958 708 4013 357
728 3965 800 4012 nota.

110 4043 134 4112 t)
156 4045 364 4115 Reiffenatrcel,
383 4043 400 4097 1.
420 4061 440 4098 a
458 4045 493 4098 tr.
512 4046 536 4098 9.
556 4044 618 4099 dist.
636 4046 661 4100 3.
680 4061 706 4114 q.
725 4047 747 4099 l.

111 4131 134 4198 5)
154 4149 174 4185 s.
196 4131 338 4201 Alpion..
357 4129 375 4184 1.
393 4146 415 4184 c.
433 4130 451 4184 Ι.
470 4129 515 4184 IV.
535 4148 560 4184 n.
579 4131 638 4186 366.

111 4216 133 4283 6)
150 4235 172 4271 a.
192 4218 334 4287 Alphea,
352 4215 371 4271 l.
389 4232 411 4270 c.
429 4233 455 4270 n.
474 4216 534 4271 376.

110 4303 134 4368 7)
151 4304 319 4368 Sotimurrr‘,
336 4303 464 4357 Instruot.
484 4301 589 4358 ethicae
607 4307 657 4358 eto.
677 4307 696 4358 t.
712 4303 734 4358 I.
756 4319 819 4374 pag.
836 4302 895 4356 246.

109 4387 133 4456 6)
151 4389 215 4444 dist.
234 4389 277 4442 55.
294 4404 315 4442 c.
332 4388 398 4442 vlt:
418 4387 465 4442 ’Si
483 4387 544 4458 quis
561 4406 577 4442 a
597 4387 705 4444 medicis
723 4391 791 4442 ete«

110 4475 135 4543 9)
157 4475 322 4538 Eaadbact,
339 4473 562 4544 L'embrpotomic
580 4478 630 4530 etc.
654 4475 730 4530 Paris
750 4473 824 4529 1876.
849 4489 912 4542 pag.
926 4473 965 4528 15.

100 4561 135 4630 10)
151 4579 172 4616 r.
193 4563 355 4630 Alpheae,
378 4561 395 4616 1.
417 4578 438 4615 c.
459 4561 476 4616 l.
497 4559 543 4616 tv.
563 4579 588 4616 n.
606 4561 665 4616 393.

99 4647 133 4716 tl)
154 4653 185 4703 Α.
206 4649 251 4713 E,
271 4649 291 4702 1.
309 4663 330 4701 o.
350 4663 410 4718 pag.
427 4647 486 4703 368.
