<?xml version="1.0" encoding="UTF-8"?>
<!DOCTYPE html PUBLIC "-//W3C//DTD XHTML 1.0 Transitional//EN"
    "http://www.w3.org/TR/xhtml1/DTD/xhtml1-transitional.dtd">
<html xmlns="http://www.w3.org/1999/xhtml" xml:lang="en" lang="en">
 <head>
  <title>
</title>
<meta http-equiv="Content-Type" content="text/html;charset=utf-8" />
  <meta name='ocr-system' content='tesseract 3.04.00' />
  <meta name='ocr-capabilities' content='ocr_page ocr_carea ocr_par ocr_line ocrx_word'/>
</head>
<body>
  <div class='ocr_page' id='page_1' title='image "./dissertatioinca00heidgoog_0105.png"; bbox 0 0 3142 5204; ppageno 0'>
   <div class='ocr_carea' id='block_1_1' title="bbox 255 309 1310 410">
    <p class='ocr_par' dir='ltr' id='par_1_1' title="bbox 255 309 1310 410">
     <span class='ocr_line' id='line_1_1' title="bbox 255 309 1310 410; baseline 0.003 -18"><span class='ocrx_word' id='word_1_1' title='bbox 255 309 302 387; x_wconf 43' lang='grc' dir='ltr'><strong>98ι</strong></span> <span class='ocrx_word' id='word_1_2' title='bbox 439 327 651 406; x_wconf 69' lang='grc' dir='ltr'><strong>Ηέἱᾶειινιίοὴ,</strong></span> <span class='ocrx_word' id='word_1_3' title='bbox 674 327 752 397; x_wconf 82' lang='lat' dir='ltr'><strong>Dios.</strong></span> <span class='ocrx_word' id='word_1_4' title='bbox 768 343 805 396; x_wconf 81' lang='lat' dir='ltr'><strong>ire</strong></span> <span class='ocrx_word' id='word_1_5' title='bbox 823 353 883 396; x_wconf 81' lang='lat' dir='ltr'><strong>cas.</strong></span> <span class='ocrx_word' id='word_1_6' title='bbox 904 339 958 394; x_wconf 81' lang='lat' dir='ltr'><strong>off.</strong></span> <span class='ocrx_word' id='word_1_7' title='bbox 978 331 1072 394; x_wconf 75' lang='lat' dir='ltr'><strong>comat</strong></span> <span class='ocrx_word' id='word_1_8' title='bbox 1092 330 1196 410; x_wconf 77' lang='lat' dir='ltr'><strong>ripaei.</strong></span> <span class='ocrx_word' id='word_1_9' title='bbox 1214 331 1310 395; x_wconf 75' lang='lat' dir='ltr'><strong>Sedis.</strong></span> 
     </span>
    </p>
   </div>
   <div class='ocr_carea' id='block_1_2' title="bbox 183 511 1506 3607">
    <p class='ocr_par' dir='ltr' id='par_1_2' title="bbox 255 511 1503 700">
     <span class='ocr_line' id='line_1_2' title="bbox 255 511 1503 597; baseline -0.004 -15"><span class='ocrx_word' id='word_1_10' title='bbox 255 514 405 582; x_wconf 87' lang='lat' dir='ltr'><strong>formula:</strong></span> <span class='ocrx_word' id='word_1_11' title='bbox 435 515 488 597; x_wconf 91' lang='lat' dir='ltr'><strong>qui</strong></span> <span class='ocrx_word' id='word_1_12' title='bbox 513 514 560 580; x_wconf 87' lang='lat' dir='ltr'><strong>rei</strong></span> <span class='ocrx_word' id='word_1_13' title='bbox 583 517 714 592; x_wconf 91' lang='lat' dir='ltr'><strong>temere,</strong></span> <span class='ocrx_word' id='word_1_14' title='bbox 740 513 788 578; x_wconf 90' lang='lat' dir='ltr'><strong>vel</strong></span> <span class='ocrx_word' id='word_1_15' title='bbox 811 513 958 588; x_wconf 75' lang='lat' dir='ltr'><strong>scienter,</strong></span> <span class='ocrx_word' id='word_1_16' title='bbox 987 511 1033 578; x_wconf 89' lang='lat' dir='ltr'><strong>vel</strong></span> <span class='ocrx_word' id='word_1_17' title='bbox 1060 511 1200 578; x_wconf 88' lang='lat' dir='ltr'><strong>consulto</strong></span> <span class='ocrx_word' id='word_1_18' title='bbox 1223 513 1272 577; x_wconf 86' lang='lat' dir='ltr'><strong>vel</strong></span> <span class='ocrx_word' id='word_1_19' title='bbox 1295 531 1372 578; x_wconf 90' lang='lat' dir='ltr'><strong>ausu</strong></span> <span class='ocrx_word' id='word_1_20' title='bbox 1395 513 1503 577; x_wconf 88' lang='lat' dir='ltr'><strong>teme-</strong></span> 
     </span>
     <span class='ocr_line' id='line_1_3' title="bbox 256 619 467 700; baseline -0.014 -15"><span class='ocrx_word' id='word_1_21' title='bbox 256 619 338 685; x_wconf 86' lang='lat' dir='ltr'><strong>rario</strong></span> <span class='ocrx_word' id='word_1_22' title='bbox 359 619 417 685; x_wconf 90' lang='lat' dir='ltr'><strong>etc.</strong></span> <span class='ocrx_word' id='word_1_23' title='bbox 434 619 467 700; x_wconf 84' lang='lat'><strong>¹).</strong></span> 
     </span>
    </p>

    <p class='ocr_par' dir='ltr' id='par_1_3' title="bbox 183 717 1506 2670">
     <span class='ocr_line' id='line_1_4' title="bbox 360 717 1504 806; baseline -0.003 -20"><span class='ocrx_word' id='word_1_24' title='bbox 360 723 389 786; x_wconf 84' lang='lat'><strong>2.</strong></span> <span class='ocrx_word' id='word_1_25' title='bbox 415 721 516 786; x_wconf 84' lang='lat' dir='ltr'><strong>Metus</strong></span> <span class='ocrx_word' id='word_1_26' title='bbox 539 722 585 806; x_wconf 81' lang='lat' dir='ltr'><strong>(in</strong></span> <span class='ocrx_word' id='word_1_27' title='bbox 601 722 706 786; x_wconf 88' lang='lat' dir='ltr'><strong>nostra</strong></span> <span class='ocrx_word' id='word_1_28' title='bbox 720 739 822 795; x_wconf 86' lang='lat' dir='ltr'><strong>causa,</strong></span> <span class='ocrx_word' id='word_1_29' title='bbox 846 721 919 805; x_wconf 85' lang='lat' dir='ltr'><strong>quin</strong></span> <span class='ocrx_word' id='word_1_30' title='bbox 935 739 992 786; x_wconf 89' lang='lat' dir='ltr'><strong>uon</strong></span> <span class='ocrx_word' id='word_1_31' title='bbox 1008 720 1138 785; x_wconf 89' lang='lat' dir='ltr'><strong>dicitur:</strong></span> <span class='ocrx_word' id='word_1_32' title='bbox 1155 722 1263 798; x_wconf 89' lang='lat' dir='ltr'><strong>sponte</strong></span> <span class='ocrx_word' id='word_1_33' title='bbox 1279 721 1339 786; x_wconf 89' lang='lat' dir='ltr'><strong>etc.</strong></span> <span class='ocrx_word' id='word_1_34' title='bbox 1356 717 1504 804; x_wconf 88' lang='lat' dir='ltr'><strong>tantum)</strong></span> 
     </span>
     <span class='ocr_line' id='line_1_5' title="bbox 257 822 1505 908; baseline -0.004 -18"><span class='ocrx_word' id='word_1_35' title='bbox 257 825 360 908; x_wconf 79' lang='lat' dir='ltr'><strong>gravis</strong></span> <span class='ocrx_word' id='word_1_36' title='bbox 379 827 503 891; x_wconf 81' lang='lat' dir='ltr'><strong>excusat</strong></span> <span class='ocrx_word' id='word_1_37' title='bbox 527 843 545 890; x_wconf 88' lang='lat' dir='ltr'><strong>a</strong></span> <span class='ocrx_word' id='word_1_38' title='bbox 567 843 710 899; x_wconf 87' lang='lat' dir='ltr'><strong>censura;</strong></span> <span class='ocrx_word' id='word_1_39' title='bbox 747 824 825 889; x_wconf 91' lang='lat' dir='ltr'><strong>uude</strong></span> <span class='ocrx_word' id='word_1_40' title='bbox 848 822 1067 908; x_wconf 57' lang='lat' dir='ltr'><strong>Aipdoueoffi)</strong></span> <span class='ocrx_word' id='word_1_41' title='bbox 1091 876 1098 890; x_wconf 90' lang='lat'><em>.</em></span> <span class='ocrx_word' id='word_1_42' title='bbox 1124 876 1131 891; x_wconf 89' lang='lat'><em>.</em></span> <span class='ocrx_word' id='word_1_43' title='bbox 1159 825 1243 889; x_wconf 85' lang='lat' dir='ltr'><strong>›lmo</strong></span> <span class='ocrx_word' id='word_1_44' title='bbox 1266 825 1370 908; x_wconf 84' lang='lat' dir='ltr'><strong>gravis</strong></span> <span class='ocrx_word' id='word_1_45' title='bbox 1394 829 1505 888; x_wconf 87' lang='lat' dir='ltr'><strong>metus</strong></span> 
     </span>
     <span class='ocr_line' id='line_1_6' title="bbox 257 927 1506 1010; baseline -0.002 -16"><span class='ocrx_word' id='word_1_46' title='bbox 257 930 381 994; x_wconf 81' lang='lat' dir='ltr'><strong>excusat</strong></span> <span class='ocrx_word' id='word_1_47' title='bbox 404 947 423 994; x_wconf 89' lang='lat' dir='ltr'><strong>a</strong></span> <span class='ocrx_word' id='word_1_48' title='bbox 444 947 572 994; x_wconf 77' lang='lat' dir='ltr'><strong>censura</strong></span> <span class='ocrx_word' id='word_1_49' title='bbox 593 927 795 1004; x_wconf 79' lang='lat' dir='ltr'><strong>incurrendo,</strong></span> <span class='ocrx_word' id='word_1_50' title='bbox 821 928 943 992; x_wconf 86' lang='lat' dir='ltr'><strong>etiamsi</strong></span> <span class='ocrx_word' id='word_1_51' title='bbox 971 947 1019 992; x_wconf 91' lang='lat' dir='ltr'><strong>res</strong></span> <span class='ocrx_word' id='word_1_52' title='bbox 1041 928 1119 993; x_wconf 90' lang='lat' dir='ltr'><strong>alias</strong></span> <span class='ocrx_word' id='word_1_53' title='bbox 1142 929 1207 993; x_wconf 88' lang='lat' dir='ltr'><strong>iure</strong></span> <span class='ocrx_word' id='word_1_54' title='bbox 1236 927 1338 992; x_wconf 86' lang='lat' dir='ltr'><strong>divino</strong></span> <span class='ocrx_word' id='word_1_55' title='bbox 1361 929 1404 993; x_wconf 93' lang='lat' dir='ltr'><strong>sit</strong></span> <span class='ocrx_word' id='word_1_56' title='bbox 1429 946 1506 1010; x_wconf 90' lang='lat' dir='ltr'><strong>pro-</strong></span> 
     </span>
     <span class='ocr_line' id='line_1_7' title="bbox 258 1030 1503 1115; baseline -0.004 -16"><span class='ocrx_word' id='word_1_57' title='bbox 258 1033 373 1109; x_wconf 71' lang='lat' dir='ltr'><strong>ninia,</strong></span> <span class='ocrx_word' id='word_1_58' title='bbox 397 1035 428 1098; x_wconf 90' lang='lat' dir='ltr'><strong>et</strong></span> <span class='ocrx_word' id='word_1_59' title='bbox 450 1033 527 1112; x_wconf 87' lang='lat' dir='ltr'><strong>ideo,</strong></span> <span class='ocrx_word' id='word_1_60' title='bbox 552 1033 605 1115; x_wconf 90' lang='lat' dir='ltr'><strong>qui</strong></span> <span class='ocrx_word' id='word_1_61' title='bbox 627 1033 666 1096; x_wconf 90' lang='lat' dir='ltr'><strong>ob</strong></span> <span class='ocrx_word' id='word_1_62' title='bbox 690 1051 813 1112; x_wconf 78' lang='lat' dir='ltr'><strong>gravem</strong></span> <span class='ocrx_word' id='word_1_63' title='bbox 839 1034 953 1096; x_wconf 90' lang='lat' dir='ltr'><strong>metum</strong></span> <span class='ocrx_word' id='word_1_64' title='bbox 980 1033 1119 1113; x_wconf 88' lang='lat' dir='ltr'><strong>patraret</strong></span> <span class='ocrx_word' id='word_1_65' title='bbox 1143 1032 1340 1096; x_wconf 79' lang='lat' dir='ltr'><strong>homicidium</strong></span> <span class='ocrx_word' id='word_1_66' title='bbox 1364 1030 1503 1096; x_wconf 88' lang='lat' dir='ltr'><strong>vetitum</strong></span> 
     </span>
     <span class='ocr_line' id='line_1_8' title="bbox 183 1129 1503 1219; baseline -0.003 -17"><span class='ocrx_word' id='word_1_67' title='bbox 183 1129 186 1136; x_wconf 77' lang='grc'><strong>’</strong></span> <span class='ocrx_word' id='word_1_68' title='bbox 256 1140 313 1202; x_wconf 92' lang='lat' dir='ltr'><strong>sub</strong></span> <span class='ocrx_word' id='word_1_69' title='bbox 336 1155 474 1215; x_wconf 83' lang='lat' dir='ltr'><strong>censura,</strong></span> <span class='ocrx_word' id='word_1_70' title='bbox 498 1140 639 1219; x_wconf 78' lang='lat' dir='ltr'><strong>peccaret</strong></span> <span class='ocrx_word' id='word_1_71' title='bbox 660 1137 795 1218; x_wconf 87' lang='lat' dir='ltr'><strong>quidem,</strong></span> <span class='ocrx_word' id='word_1_72' title='bbox 818 1136 870 1202; x_wconf 89' lang='lat' dir='ltr'><strong>scd</strong></span> <span class='ocrx_word' id='word_1_73' title='bbox 897 1154 955 1200; x_wconf 90' lang='lat' dir='ltr'><strong>non</strong></span> <span class='ocrx_word' id='word_1_74' title='bbox 971 1135 1141 1200; x_wconf 84' lang='lat' dir='ltr'><strong>incurreret</strong></span> <span class='ocrx_word' id='word_1_75' title='bbox 1156 1155 1328 1213; x_wconf 80' lang='lat' dir='ltr'><strong>censuram,</strong></span> <span class='ocrx_word' id='word_1_76' title='bbox 1346 1136 1419 1219; x_wconf 90' lang='lat' dir='ltr'><strong>quia</strong></span> <span class='ocrx_word' id='word_1_77' title='bbox 1438 1155 1503 1201; x_wconf 89' lang='lat' dir='ltr'><strong>non</strong></span> 
     </span>
     <span class='ocr_line' id='line_1_9' title="bbox 258 1239 1504 1325; baseline -0.003 -18"><span class='ocrx_word' id='word_1_78' title='bbox 258 1243 397 1325; x_wconf 85' lang='lat' dir='ltr'><strong>peccaret</strong></span> <span class='ocrx_word' id='word_1_79' title='bbox 419 1243 526 1305; x_wconf 87' lang='lat' dir='ltr'><strong>contra</strong></span> <span class='ocrx_word' id='word_1_80' title='bbox 549 1239 596 1304; x_wconf 91' lang='lat' dir='ltr'><strong>ius</strong></span> <span class='ocrx_word' id='word_1_81' title='bbox 610 1239 774 1318; x_wconf 72' lang='lat' dir='ltr'><strong>Ecclesiae,</strong></span> <span class='ocrx_word' id='word_1_82' title='bbox 792 1241 899 1304; x_wconf 89' lang='lat' dir='ltr'><strong>contra</strong></span> <span class='ocrx_word' id='word_1_83' title='bbox 914 1239 1000 1304; x_wconf 84' lang='lat' dir='ltr'><strong>cuius</strong></span> <span class='ocrx_word' id='word_1_84' title='bbox 1018 1242 1203 1322; x_wconf 86' lang='lat' dir='ltr'><strong>potestatem</strong></span> <span class='ocrx_word' id='word_1_85' title='bbox 1218 1240 1360 1322; x_wconf 90' lang='lat' dir='ltr'><strong>specialis</strong></span> <span class='ocrx_word' id='word_1_86' title='bbox 1378 1239 1504 1304; x_wconf 88' lang='lat' dir='ltr'><strong>iniusta</strong></span> 
     </span>
     <span class='ocr_line' id='line_1_10' title="bbox 258 1342 1503 1427; baseline -0.004 -16"><span class='ocrx_word' id='word_1_87' title='bbox 258 1345 452 1412; x_wconf 87' lang='lat' dir='ltr'><strong>contumacia</strong></span> <span class='ocrx_word' id='word_1_88' title='bbox 474 1343 513 1408; x_wconf 87' lang='lat' dir='ltr'><strong>ad</strong></span> <span class='ocrx_word' id='word_1_89' title='bbox 536 1361 695 1409; x_wconf 88' lang='lat' dir='ltr'><strong>censuram</strong></span> <span class='ocrx_word' id='word_1_90' title='bbox 720 1343 894 1427; x_wconf 86' lang='lat' dir='ltr'><strong>requiritur,</strong></span> <span class='ocrx_word' id='word_1_91' title='bbox 919 1342 965 1408; x_wconf 87' lang='lat' dir='ltr'><strong>ita</strong></span> <span class='ocrx_word' id='word_1_92' title='bbox 989 1343 1062 1409; x_wconf 83' lang='lat' dir='ltr'><strong>Pet.</strong></span> <span class='ocrx_word' id='word_1_93' title='bbox 1086 1343 1116 1410; x_wconf 86' lang='lat' dir='ltr'><strong>d.</strong></span> <span class='ocrx_word' id='word_1_94' title='bbox 1143 1345 1168 1410; x_wconf 93' lang='lat' dir='ltr'><strong>l.</strong></span> <span class='ocrx_word' id='word_1_95' title='bbox 1194 1364 1223 1427; x_wconf 92' lang='lat' dir='ltr'><strong>p.</strong></span> <span class='ocrx_word' id='word_1_96' title='bbox 1240 1345 1269 1410; x_wconf 88' lang='lat'><strong>8.</strong></span> <span class='ocrx_word' id='word_1_97' title='bbox 1294 1364 1322 1408; x_wconf 93' lang='lat' dir='ltr'><strong>n.</strong></span> <span class='ocrx_word' id='word_1_98' title='bbox 1339 1345 1377 1420; x_wconf 84' lang='lat'><strong>9;</strong></span> <span class='ocrx_word' id='word_1_99' title='bbox 1400 1343 1503 1410; x_wconf 81' lang='lat' dir='ltr'><strong>Suar.</strong></span> 
     </span>
     <span class='ocr_line' id='line_1_11' title="bbox 258 1446 1504 1530; baseline -0.002 -18"><span class='ocrx_word' id='word_1_100' title='bbox 258 1449 287 1515; x_wconf 93' lang='lat' dir='ltr'><strong>d.</strong></span> <span class='ocrx_word' id='word_1_101' title='bbox 309 1449 339 1514; x_wconf 89' lang='grc'><strong>4.</strong></span> <span class='ocrx_word' id='word_1_102' title='bbox 363 1467 387 1514; x_wconf 92' lang='lat' dir='ltr'><strong>s.</strong></span> <span class='ocrx_word' id='word_1_103' title='bbox 408 1449 428 1511; x_wconf 88' lang='lat'><strong>3</strong></span> <span class='ocrx_word' id='word_1_104' title='bbox 452 1469 481 1515; x_wconf 93' lang='lat' dir='ltr'><strong>n.</strong></span> <span class='ocrx_word' id='word_1_105' title='bbox 505 1448 567 1524; x_wconf 74' lang='lat'><strong>143</strong></span> <span class='ocrx_word' id='word_1_106' title='bbox 600 1448 682 1513; x_wconf 85' lang='lat' dir='ltr'><strong>Boo.</strong></span> <span class='ocrx_word' id='word_1_107' title='bbox 705 1466 733 1530; x_wconf 90' lang='lat' dir='ltr'><strong>q.</strong></span> <span class='ocrx_word' id='word_1_108' title='bbox 758 1448 788 1512; x_wconf 87' lang='lat'><strong>2.</strong></span> <span class='ocrx_word' id='word_1_109' title='bbox 813 1467 840 1530; x_wconf 92' lang='lat' dir='ltr'><strong>p.</strong></span> <span class='ocrx_word' id='word_1_110' title='bbox 866 1447 895 1511; x_wconf 87' lang='lat'><strong>3.</strong></span> <span class='ocrx_word' id='word_1_111' title='bbox 917 1449 989 1512; x_wconf 84' lang='lat' dir='ltr'><strong>n.2</strong></span> <span class='ocrx_word' id='word_1_112' title='bbox 1021 1448 1052 1512; x_wconf 88' lang='lat' dir='ltr'><strong>et</strong></span> <span class='ocrx_word' id='word_1_113' title='bbox 1075 1446 1175 1513; x_wconf 85' lang='lat' dir='ltr'><strong>Soim.</strong></span> <span class='ocrx_word' id='word_1_114' title='bbox 1199 1446 1263 1511; x_wconf 90' lang='lat' dir='ltr'><strong>ibid</strong></span> <span class='ocrx_word' id='word_1_115' title='bbox 1287 1465 1315 1512; x_wconf 91' lang='lat' dir='ltr'><strong>n.</strong></span> <span class='ocrx_word' id='word_1_116' title='bbox 1340 1448 1404 1512; x_wconf 84' lang='lat'><strong>204</strong></span> <span class='ocrx_word' id='word_1_117' title='bbox 1428 1467 1504 1511; x_wconf 88' lang='lat' dir='ltr'><strong>oum</strong></span> 
     </span>
     <span class='ocr_line' id='line_1_12' title="bbox 259 1549 1504 1634; baseline -0.005 -14"><span class='ocrx_word' id='word_1_118' title='bbox 259 1553 332 1620; x_wconf 84' lang='lat' dir='ltr'><strong>Con.</strong></span> <span class='ocrx_word' id='word_1_119' title='bbox 355 1552 450 1618; x_wconf 83' lang='lat' dir='ltr'><strong>Gand.</strong></span> <span class='ocrx_word' id='word_1_120' title='bbox 481 1551 582 1618; x_wconf 80' lang='lat' dir='ltr'><strong>Hear.</strong></span> <span class='ocrx_word' id='word_1_121' title='bbox 606 1553 684 1616; x_wconf 77' lang='lat' dir='ltr'><strong>etc«</strong></span> <span class='ocrx_word' id='word_1_122' title='bbox 738 1550 824 1616; x_wconf 92' lang='lat' dir='ltr'><strong>Unde</strong></span> <span class='ocrx_word' id='word_1_123' title='bbox 856 1549 948 1614; x_wconf 88' lang='lat' dir='ltr'><strong>facilc</strong></span> <span class='ocrx_word' id='word_1_124' title='bbox 976 1550 1114 1616; x_wconf 87' lang='lat' dir='ltr'><strong>accidere</strong></span> <span class='ocrx_word' id='word_1_125' title='bbox 1148 1553 1266 1634; x_wconf 87' lang='lat' dir='ltr'><strong>potest,</strong></span> <span class='ocrx_word' id='word_1_126' title='bbox 1298 1553 1334 1615; x_wconf 93' lang='lat' dir='ltr'><strong>ut</strong></span> <span class='ocrx_word' id='word_1_127' title='bbox 1363 1549 1504 1615; x_wconf 89' lang='lat' dir='ltr'><strong>feminae</strong></span> 
     </span>
     <span class='ocr_line' id='line_1_13' title="bbox 258 1654 1503 1740; baseline -0.003 -18"><span class='ocrx_word' id='word_1_128' title='bbox 258 1657 404 1740; x_wconf 79' lang='lat' dir='ltr'><strong>gravidae</strong></span> <span class='ocrx_word' id='word_1_129' title='bbox 428 1655 620 1739; x_wconf 81' lang='lat' dir='ltr'><strong>procurantis</strong></span> <span class='ocrx_word' id='word_1_130' title='bbox 641 1655 771 1732; x_wconf 86' lang='lat' dir='ltr'><strong>animus,</strong></span> <span class='ocrx_word' id='word_1_131' title='bbox 798 1655 823 1718; x_wconf 92' lang='lat' dir='ltr'><strong>si</strong></span> <span class='ocrx_word' id='word_1_132' title='bbox 840 1673 907 1719; x_wconf 88' lang='lat' dir='ltr'><strong>eam</strong></span> <span class='ocrx_word' id='word_1_133' title='bbox 925 1673 1069 1719; x_wconf 89' lang='lat' dir='ltr'><strong>censurae</strong></span> <span class='ocrx_word' id='word_1_134' title='bbox 1086 1654 1244 1720; x_wconf 87' lang='lat' dir='ltr'><strong>subiacere</strong></span> <span class='ocrx_word' id='word_1_135' title='bbox 1261 1675 1292 1718; x_wconf 91' lang='lat' dir='ltr'><strong>re</strong></span> <span class='ocrx_word' id='word_1_136' title='bbox 1307 1654 1394 1733; x_wconf 79' lang='lat' dir='ltr'><strong>velis,</strong></span> <span class='ocrx_word' id='word_1_137' title='bbox 1413 1658 1503 1719; x_wconf 87' lang='lat' dir='ltr'><strong>metu</strong></span> 
     </span>
     <span class='ocr_line' id='line_1_14' title="bbox 258 1757 1503 1844; baseline -0.002 -20"><span class='ocrx_word' id='word_1_138' title='bbox 258 1761 347 1844; x_wconf 86' lang='lat' dir='ltr'><strong>gravi</strong></span> <span class='ocrx_word' id='word_1_139' title='bbox 369 1760 451 1824; x_wconf 88' lang='lat' dir='ltr'><strong>vitae</strong></span> <span class='ocrx_word' id='word_1_140' title='bbox 474 1758 652 1841; x_wconf 91' lang='lat' dir='ltr'><strong>temporalis</strong></span> <span class='ocrx_word' id='word_1_141' title='bbox 676 1757 905 1833; x_wconf 86' lang='lat' dir='ltr'><strong>admittendae,</strong></span> <span class='ocrx_word' id='word_1_142' title='bbox 930 1759 976 1822; x_wconf 92' lang='lat' dir='ltr'><strong>vel</strong></span> <span class='ocrx_word' id='word_1_143' title='bbox 1000 1758 1079 1842; x_wconf 92' lang='lat' dir='ltr'><strong>quod</strong></span> <span class='ocrx_word' id='word_1_144' title='bbox 1104 1777 1248 1841; x_wconf 86' lang='lat' dir='ltr'><strong>persaepe</strong></span> <span class='ocrx_word' id='word_1_145' title='bbox 1272 1758 1325 1836; x_wconf 87' lang='lat' dir='ltr'><strong>fit,</strong></span> <span class='ocrx_word' id='word_1_146' title='bbox 1350 1758 1503 1822; x_wconf 84' lang='lat' dir='ltr'><strong>infamiae</strong></span> 
     </span>
     <span class='ocr_line' id='line_1_15' title="bbox 259 1861 1502 1946; baseline -0.004 -17"><span class='ocrx_word' id='word_1_147' title='bbox 259 1863 372 1929; x_wconf 88' lang='lat' dir='ltr'><strong>nimiae</strong></span> <span class='ocrx_word' id='word_1_148' title='bbox 394 1881 429 1927; x_wconf 82' lang='lat' dir='ltr'><strong>ex</strong></span> <span class='ocrx_word' id='word_1_149' title='bbox 453 1864 542 1944; x_wconf 87' lang='lat' dir='ltr'><strong>partu</strong></span> <span class='ocrx_word' id='word_1_150' title='bbox 575 1861 783 1945; x_wconf 87' lang='lat' dir='ltr'><strong>assequendae</strong></span> <span class='ocrx_word' id='word_1_151' title='bbox 812 1863 859 1926; x_wconf 88' lang='lat' dir='ltr'><strong>vel</strong></span> <span class='ocrx_word' id='word_1_152' title='bbox 890 1862 970 1926; x_wconf 90' lang='lat' dir='ltr'><strong>elius</strong></span> <span class='ocrx_word' id='word_1_153' title='bbox 1001 1880 1147 1945; x_wconf 90' lang='lat' dir='ltr'><strong>perquam</strong></span> <span class='ocrx_word' id='word_1_154' title='bbox 1177 1863 1283 1946; x_wconf 84' lang='lat' dir='ltr'><strong>magni</strong></span> <span class='ocrx_word' id='word_1_155' title='bbox 1312 1861 1502 1926; x_wconf 90' lang='lat' dir='ltr'><strong>incommodi</strong></span> 
     </span>
     <span class='ocr_line' id='line_1_16' title="bbox 259 1965 1502 2051; baseline -0.004 -18"><span class='ocrx_word' id='word_1_156' title='bbox 259 1988 286 2033; x_wconf 85' lang='grc' dir='ltr'><strong>ι.</strong></span> <span class='ocrx_word' id='word_1_157' title='bbox 311 1985 340 2051; x_wconf 82' lang='lat' dir='ltr'><strong>g.</strong></span> <span class='ocrx_word' id='word_1_158' title='bbox 366 1986 400 2031; x_wconf 83' lang='lat' dir='ltr'><strong>er</strong></span> <span class='ocrx_word' id='word_1_159' title='bbox 425 1969 510 2049; x_wconf 88' lang='lat' dir='ltr'><strong>petre</strong></span> <span class='ocrx_word' id='word_1_160' title='bbox 534 1965 625 2031; x_wconf 88' lang='lat' dir='ltr'><strong>nimis</strong></span> <span class='ocrx_word' id='word_1_161' title='bbox 649 1985 753 2031; x_wconf 83' lang='lat' dir='ltr'><strong>severo</strong></span> <span class='ocrx_word' id='word_1_162' title='bbox 776 1965 976 2044; x_wconf 89' lang='lat' dir='ltr'><strong>imminentis,</strong></span> <span class='ocrx_word' id='word_1_163' title='bbox 1001 1967 1047 2028; x_wconf 90' lang='lat' dir='ltr'><strong>ita</strong></span> <span class='ocrx_word' id='word_1_164' title='bbox 1070 1965 1243 2048; x_wconf 89' lang='lat' dir='ltr'><strong>perturbari</strong></span> <span class='ocrx_word' id='word_1_165' title='bbox 1262 1966 1369 2049; x_wconf 86' lang='lat' dir='ltr'><strong>possit,</strong></span> <span class='ocrx_word' id='word_1_166' title='bbox 1393 1967 1427 2030; x_wconf 92' lang='lat' dir='ltr'><strong>ut</strong></span> <span class='ocrx_word' id='word_1_167' title='bbox 1452 1965 1502 2029; x_wconf 89' lang='lat' dir='ltr'><strong>iili</strong></span> 
     </span>
     <span class='ocr_line' id='line_1_17' title="bbox 258 2069 1503 2153; baseline -0.002 -17"><span class='ocrx_word' id='word_1_168' title='bbox 258 2072 384 2137; x_wconf 88' lang='lat' dir='ltr'><strong>abortus</strong></span> <span class='ocrx_word' id='word_1_169' title='bbox 406 2071 598 2153; x_wconf 89' lang='lat' dir='ltr'><strong>perpetratus</strong></span> <span class='ocrx_word' id='word_1_170' title='bbox 618 2069 765 2152; x_wconf 89' lang='lat' dir='ltr'><strong>imputari</strong></span> <span class='ocrx_word' id='word_1_171' title='bbox 788 2071 929 2153; x_wconf 89' lang='lat' dir='ltr'><strong>nequeat,</strong></span> <span class='ocrx_word' id='word_1_172' title='bbox 953 2070 1080 2152; x_wconf 90' lang='lat' dir='ltr'><strong>ideoque</strong></span> <span class='ocrx_word' id='word_1_173' title='bbox 1103 2070 1158 2134; x_wconf 89' lang='lat' dir='ltr'><strong>iiia</strong></span> <span class='ocrx_word' id='word_1_174' title='bbox 1173 2089 1334 2134; x_wconf 88' lang='lat' dir='ltr'><strong>censuram</strong></span> <span class='ocrx_word' id='word_1_175' title='bbox 1352 2089 1409 2134; x_wconf 93' lang='lat' dir='ltr'><strong>non</strong></span> <span class='ocrx_word' id='word_1_176' title='bbox 1427 2089 1503 2136; x_wconf 90' lang='lat' dir='ltr'><strong>con-</strong></span> 
     </span>
     <span class='ocr_line' id='line_1_18' title="bbox 259 2173 1502 2256; baseline -0.002 -17"><span class='ocrx_word' id='word_1_177' title='bbox 259 2174 398 2256; x_wconf 65' lang='lat' dir='ltr'><strong>trahatf)</strong></span> <span class='ocrx_word' id='word_1_178' title='bbox 433 2174 526 2239; x_wconf 78' lang='lat' dir='ltr'><strong>»item</strong></span> <span class='ocrx_word' id='word_1_179' title='bbox 550 2174 712 2238; x_wconf 79' lang='lat' dir='ltr'><strong>excusatur</strong></span> <span class='ocrx_word' id='word_1_180' title='bbox 735 2194 753 2238; x_wconf 88' lang='lat' dir='ltr'><strong>a</strong></span> <span class='ocrx_word' id='word_1_181' title='bbox 776 2193 905 2238; x_wconf 90' lang='lat' dir='ltr'><strong>censura</strong></span> <span class='ocrx_word' id='word_1_182' title='bbox 928 2173 1039 2238; x_wconf 88' lang='lat' dir='ltr'><strong>mulier</strong></span> <span class='ocrx_word' id='word_1_183' title='bbox 1063 2192 1148 2238; x_wconf 91' lang='lat' dir='ltr'><strong>mesu</strong></span> <span class='ocrx_word' id='word_1_184' title='bbox 1171 2174 1259 2256; x_wconf 85' lang='lat' dir='ltr'><strong>gravi</strong></span> <span class='ocrx_word' id='word_1_185' title='bbox 1282 2173 1416 2256; x_wconf 89' lang='lat' dir='ltr'><strong>impulsa</strong></span> <span class='ocrx_word' id='word_1_186' title='bbox 1440 2175 1502 2238; x_wconf 87' lang='lat' dir='ltr'><strong>etsi</strong></span> 
     </span>
     <span class='ocr_line' id='line_1_19' title="bbox 258 2277 1501 2362; baseline 0 -20"><span class='ocrx_word' id='word_1_187' title='bbox 258 2281 336 2344; x_wconf 89' lang='lat' dir='ltr'><strong>forte</strong></span> <span class='ocrx_word' id='word_1_188' title='bbox 360 2298 419 2343; x_wconf 90' lang='lat' dir='ltr'><strong>non</strong></span> <span class='ocrx_word' id='word_1_189' title='bbox 441 2277 578 2342; x_wconf 81' lang='lat' dir='ltr'><strong>excusari</strong></span> <span class='ocrx_word' id='word_1_190' title='bbox 602 2279 703 2360; x_wconf 91' lang='lat' dir='ltr'><strong>potest</strong></span> <span class='ocrx_word' id='word_1_191' title='bbox 725 2297 743 2341; x_wconf 91' lang='lat' dir='ltr'><strong>a</strong></span> <span class='ocrx_word' id='word_1_192' title='bbox 765 2277 910 2362; x_wconf 76' lang='lat' dir='ltr'><strong>culpa⁴)‹</strong></span> <span class='ocrx_word' id='word_1_193' title='bbox 941 2277 1062 2343; x_wconf 83' lang='lat' dir='ltr'><strong>Hcioer</strong></span> <span class='ocrx_word' id='word_1_194' title='bbox 1084 2278 1159 2341; x_wconf 91' lang='lat' dir='ltr'><strong>bene</strong></span> <span class='ocrx_word' id='word_1_195' title='bbox 1183 2279 1330 2355; x_wconf 87' lang='lat' dir='ltr'><strong>adnotat,</strong></span> <span class='ocrx_word' id='word_1_196' title='bbox 1355 2279 1501 2342; x_wconf 89' lang='lat' dir='ltr'><strong>timorem</strong></span> 
     </span>
     <span class='ocr_line' id='line_1_20' title="bbox 258 2381 1503 2458; baseline -0.001 -12"><span class='ocrx_word' id='word_1_197' title='bbox 258 2382 405 2448; x_wconf 80' lang='lat' dir='ltr'><strong>infamiae</strong></span> <span class='ocrx_word' id='word_1_198' title='bbox 430 2400 573 2447; x_wconf 83' lang='lat' dir='ltr'><strong>excusare</strong></span> <span class='ocrx_word' id='word_1_199' title='bbox 596 2399 614 2445; x_wconf 90' lang='lat' dir='ltr'><strong>a</strong></span> <span class='ocrx_word' id='word_1_200' title='bbox 637 2400 765 2446; x_wconf 90' lang='lat' dir='ltr'><strong>censura</strong></span> <span class='ocrx_word' id='word_1_201' title='bbox 788 2383 911 2446; x_wconf 88' lang='lat' dir='ltr'><strong>tanturn</strong></span> <span class='ocrx_word' id='word_1_202' title='bbox 936 2381 965 2444; x_wconf 95' lang='lat' dir='ltr'><strong>in</strong></span> <span class='ocrx_word' id='word_1_203' title='bbox 991 2381 1170 2446; x_wconf 88' lang='lat' dir='ltr'><strong>mulieribus</strong></span> <span class='ocrx_word' id='word_1_204' title='bbox 1192 2381 1337 2458; x_wconf 86' lang='lat' dir='ltr'><strong>honestis,</strong></span> <span class='ocrx_word' id='word_1_205' title='bbox 1364 2400 1421 2446; x_wconf 92' lang='lat' dir='ltr'><strong>non</strong></span> <span class='ocrx_word' id='word_1_206' title='bbox 1446 2401 1503 2445; x_wconf 87' lang='lat' dir='ltr'><strong>au-</strong></span> 
     </span>
     <span class='ocr_line' id='line_1_21' title="bbox 258 2483 1502 2570; baseline 0 -20"><span class='ocrx_word' id='word_1_207' title='bbox 258 2490 320 2550; x_wconf 89' lang='lat' dir='ltr'><strong>tem</strong></span> <span class='ocrx_word' id='word_1_208' title='bbox 345 2483 557 2551; x_wconf 88' lang='lat' dir='ltr'><strong>meretricibus</strong></span> <span class='ocrx_word' id='word_1_209' title='bbox 580 2487 673 2566; x_wconf 79' lang='lat' dir='ltr'><strong>etc.⁵)</strong></span> <span class='ocrx_word' id='word_1_210' title='bbox 702 2486 733 2549; x_wconf 88' lang='lat' dir='ltr'><strong>et</strong></span> <span class='ocrx_word' id='word_1_211' title='bbox 754 2485 816 2549; x_wconf 87' lang='lat' dir='ltr'><strong>iam</strong></span> <span class='ocrx_word' id='word_1_212' title='bbox 840 2483 967 2549; x_wconf 89' lang='lat' dir='ltr'><strong>Xistum</strong></span> <span class='ocrx_word' id='word_1_213' title='bbox 992 2485 1027 2550; x_wconf 93' lang='lat' dir='ltr'><strong>V.</strong></span> <span class='ocrx_word' id='word_1_214' title='bbox 1052 2485 1227 2562; x_wconf 87' lang='lat' dir='ltr'><strong>mulierem,</strong></span> <span class='ocrx_word' id='word_1_215' title='bbox 1258 2503 1336 2570; x_wconf 90' lang='lat' dir='ltr'><strong>quae</strong></span> <span class='ocrx_word' id='word_1_216' title='bbox 1364 2485 1502 2568; x_wconf 89' lang='lat' dir='ltr'><strong>impulsa</strong></span> 
     </span>
     <span class='ocr_line' id='line_1_22' title="bbox 257 2588 1300 2670; baseline 0 -16"><span class='ocrx_word' id='word_1_217' title='bbox 257 2589 368 2655; x_wconf 88' lang='lat' dir='ltr'><strong>timore</strong></span> <span class='ocrx_word' id='word_1_218' title='bbox 391 2589 537 2654; x_wconf 86' lang='lat' dir='ltr'><strong>infamiae</strong></span> <span class='ocrx_word' id='word_1_219' title='bbox 560 2588 702 2653; x_wconf 89' lang='lat' dir='ltr'><strong>abortum</strong></span> <span class='ocrx_word' id='word_1_220' title='bbox 725 2590 928 2670; x_wconf 89' lang='lat' dir='ltr'><strong>procurasset,</strong></span> <span class='ocrx_word' id='word_1_221' title='bbox 951 2607 970 2652; x_wconf 87' lang='lat' dir='ltr'><strong>a</strong></span> <span class='ocrx_word' id='word_1_222' title='bbox 993 2607 1121 2654; x_wconf 89' lang='lat' dir='ltr'><strong>censura</strong></span> <span class='ocrx_word' id='word_1_223' title='bbox 1144 2588 1300 2654; x_wconf 81' lang='lat' dir='ltr'><strong>exemisse.</strong></span> 
     </span>
    </p>

    <p class='ocr_par' dir='ltr' id='par_1_4' title="bbox 258 2691 1501 3607">
     <span class='ocr_line' id='line_1_23' title="bbox 361 2691 1500 2776; baseline 0 -18"><span class='ocrx_word' id='word_1_224' title='bbox 361 2695 391 2758; x_wconf 90' lang='lat'><strong>3.</strong></span> <span class='ocrx_word' id='word_1_225' title='bbox 416 2691 496 2758; x_wconf 91' lang='lat' dir='ltr'><strong>Item</strong></span> <span class='ocrx_word' id='word_1_226' title='bbox 511 2694 636 2758; x_wconf 85' lang='lat' dir='ltr'><strong>excusat</strong></span> <span class='ocrx_word' id='word_1_227' title='bbox 651 2711 669 2756; x_wconf 90' lang='lat' dir='ltr'><strong>a</strong></span> <span class='ocrx_word' id='word_1_228' title='bbox 686 2710 816 2757; x_wconf 87' lang='lat' dir='ltr'><strong>censura</strong></span> <span class='ocrx_word' id='word_1_229' title='bbox 830 2692 1044 2776; x_wconf 91' lang='lat' dir='ltr'><strong>resipiscentia</strong></span> <span class='ocrx_word' id='word_1_230' title='bbox 1060 2709 1078 2758; x_wconf 91' lang='lat' dir='ltr'><strong>a</strong></span> <span class='ocrx_word' id='word_1_231' title='bbox 1094 2694 1216 2774; x_wconf 86' lang='lat' dir='ltr'><strong>peccato</strong></span> <span class='ocrx_word' id='word_1_232' title='bbox 1228 2693 1290 2758; x_wconf 92' lang='lat' dir='ltr'><strong>iam</strong></span> <span class='ocrx_word' id='word_1_233' title='bbox 1305 2692 1450 2758; x_wconf 89' lang='lat' dir='ltr'><strong>inchoato</strong></span> <span class='ocrx_word' id='word_1_234' title='bbox 1462 2695 1500 2776; x_wconf 71' lang='grc'><strong>6).</strong></span> 
     </span>
     <span class='ocr_line' id='line_1_24' title="bbox 261 2795 1500 2880; baseline 0.002 -22"><span class='ocrx_word' id='word_1_235' title='bbox 261 2795 312 2861; x_wconf 81' lang='lat' dir='ltr'><strong>»Si</strong></span> <span class='ocrx_word' id='word_1_236' title='bbox 335 2796 404 2880; x_wconf 91' lang='lat' dir='ltr'><strong>quis</strong></span> <span class='ocrx_word' id='word_1_237' title='bbox 426 2798 496 2879; x_wconf 90' lang='lat' dir='ltr'><strong>post</strong></span> <span class='ocrx_word' id='word_1_238' title='bbox 520 2796 669 2860; x_wconf 91' lang='lat' dir='ltr'><strong>delictum</strong></span> <span class='ocrx_word' id='word_1_239' title='bbox 693 2796 861 2860; x_wconf 88' lang='lat' dir='ltr'><strong>admissum</strong></span> <span class='ocrx_word' id='word_1_240' title='bbox 885 2797 958 2861; x_wconf 88' lang='lat' dir='ltr'><strong>ante</strong></span> <span class='ocrx_word' id='word_1_241' title='bbox 986 2796 1129 2862; x_wconf 83' lang='lat' dir='ltr'><strong>effectum</strong></span> <span class='ocrx_word' id='word_1_242' title='bbox 1157 2799 1299 2862; x_wconf 88' lang='lat' dir='ltr'><strong>secutum</strong></span> <span class='ocrx_word' id='word_1_243' title='bbox 1334 2797 1459 2862; x_wconf 88' lang='lat' dir='ltr'><strong>recedat</strong></span> <span class='ocrx_word' id='word_1_244' title='bbox 1482 2817 1500 2861; x_wconf 92' lang='lat' dir='ltr'><strong>a</strong></span> 
     </span>
     <span class='ocr_line' id='line_1_25' title="bbox 259 2888 1501 2983; baseline 0.002 -19"><span class='ocrx_word' id='word_1_245' title='bbox 259 2900 470 2978; x_wconf 88' lang='lat' dir='ltr'><strong>contumacia,</strong></span> <span class='ocrx_word' id='word_1_246' title='bbox 493 2900 514 2966; x_wconf 91' lang='lat' dir='ltr'><strong>i.</strong></span> <span class='ocrx_word' id='word_1_247' title='bbox 535 2917 561 2964; x_wconf 92' lang='lat' dir='ltr'><strong>e.</strong></span> <span class='ocrx_word' id='word_1_248' title='bbox 584 2898 609 2963; x_wconf 91' lang='lat' dir='ltr'><strong>si</strong></span> <span class='ocrx_word' id='word_1_249' title='bbox 633 2899 732 2982; x_wconf 92' lang='lat' dir='ltr'><strong>ipsum</strong></span> <span class='ocrx_word' id='word_1_250' title='bbox 757 2900 863 2966; x_wconf 90' lang='lat' dir='ltr'><strong>delicti</strong></span> <span class='ocrx_word' id='word_1_251' title='bbox 888 2888 1056 2983; x_wconf 89' lang='lat' dir='ltr'><strong>poenituit,</strong></span> <span class='ocrx_word' id='word_1_252' title='bbox 1080 2900 1107 2966; x_wconf 92' lang='lat' dir='ltr'><strong>si</strong></span> <span class='ocrx_word' id='word_1_253' title='bbox 1130 2900 1252 2966; x_wconf 89' lang='lat' dir='ltr'><strong>studuit</strong></span> <span class='ocrx_word' id='word_1_254' title='bbox 1274 2900 1417 2966; x_wconf 82' lang='lat' dir='ltr'><strong>effectum</strong></span> <span class='ocrx_word' id='word_1_255' title='bbox 1438 2901 1501 2966; x_wconf 91' lang='lat' dir='ltr'><strong>im·</strong></span> 
     </span>
     <span class='ocr_line' id='line_1_26' title="bbox 258 3004 1501 3089; baseline -0.001 -20"><span class='ocrx_word' id='word_1_256' title='bbox 258 3004 379 3087; x_wconf 85' lang='lat' dir='ltr'><strong>pedire,</strong></span> <span class='ocrx_word' id='word_1_257' title='bbox 413 3004 524 3087; x_wconf 86' lang='lat' dir='ltr'><strong>effugit</strong></span> <span class='ocrx_word' id='word_1_258' title='bbox 556 3022 736 3080; x_wconf 89' lang='lat' dir='ltr'><strong>censuram;</strong></span> <span class='ocrx_word' id='word_1_259' title='bbox 773 3023 843 3068; x_wconf 89' lang='lat' dir='ltr'><strong>nam</strong></span> <span class='ocrx_word' id='word_1_260' title='bbox 873 3023 1018 3089; x_wconf 91' lang='lat' dir='ltr'><strong>quorsum</strong></span> <span class='ocrx_word' id='word_1_261' title='bbox 1051 3005 1204 3070; x_wconf 89' lang='lat' dir='ltr'><strong>medicina</strong></span> <span class='ocrx_word' id='word_1_262' title='bbox 1234 3007 1342 3070; x_wconf 91' lang='lat' dir='ltr'><strong>sanato</strong></span> <span class='ocrx_word' id='word_1_263' title='bbox 1363 3005 1501 3069; x_wconf 79' lang='lat' dir='ltr'><strong>morbo?</strong></span> 
     </span>
     <span class='ocr_line' id='line_1_27' title="bbox 260 3107 1498 3192; baseline -0.001 -19"><span class='ocrx_word' id='word_1_264' title='bbox 260 3108 365 3173; x_wconf 88' lang='lat' dir='ltr'><strong>Veluti</strong></span> <span class='ocrx_word' id='word_1_265' title='bbox 385 3108 413 3173; x_wconf 79' lang='lat' dir='ltr'><strong>&#39;si</strong></span> <span class='ocrx_word' id='word_1_266' title='bbox 436 3108 504 3192; x_wconf 90' lang='lat' dir='ltr'><strong>quis</strong></span> <span class='ocrx_word' id='word_1_267' title='bbox 527 3107 700 3173; x_wconf 86' lang='lat' dir='ltr'><strong>abortivum</strong></span> <span class='ocrx_word' id='word_1_268' title='bbox 724 3107 843 3172; x_wconf 87' lang='lat' dir='ltr'><strong>dederit</strong></span> <span class='ocrx_word' id='word_1_269' title='bbox 867 3109 988 3191; x_wconf 91' lang='lat' dir='ltr'><strong>puellae</strong></span> <span class='ocrx_word' id='word_1_270' title='bbox 1012 3108 1213 3192; x_wconf 87' lang='lat' dir='ltr'><strong>praegnanti,</strong></span> <span class='ocrx_word' id='word_1_271' title='bbox 1240 3109 1272 3173; x_wconf 90' lang='lat' dir='ltr'><strong>et</strong></span> <span class='ocrx_word' id='word_1_272' title='bbox 1296 3107 1440 3174; x_wconf 91' lang='lat' dir='ltr'><strong>continuo</strong></span> <span class='ocrx_word' id='word_1_273' title='bbox 1464 3109 1498 3172; x_wconf 95' lang='lat' dir='ltr'><strong>id</strong></span> 
     </span>
     <span class='ocr_line' id='line_1_28' title="bbox 260 3211 1501 3294; baseline 0 -18"><span class='ocrx_word' id='word_1_274' title='bbox 260 3212 374 3279; x_wconf 91' lang='lat' dir='ltr'><strong>doluit:</strong></span> <span class='ocrx_word' id='word_1_275' title='bbox 398 3213 431 3277; x_wconf 90' lang='lat' dir='ltr'><strong>et</strong></span> <span class='ocrx_word' id='word_1_276' title='bbox 452 3212 479 3276; x_wconf 88' lang='lat' dir='ltr'><strong>si</strong></span> <span class='ocrx_word' id='word_1_277' title='bbox 501 3211 568 3276; x_wconf 88' lang='lat' dir='ltr'><strong>fieri</strong></span> <span class='ocrx_word' id='word_1_278' title='bbox 590 3213 691 3294; x_wconf 91' lang='lat' dir='ltr'><strong>potest</strong></span> <span class='ocrx_word' id='word_1_279' title='bbox 710 3211 884 3276; x_wconf 86' lang='lat' dir='ltr'><strong>antidotum</strong></span> <span class='ocrx_word' id='word_1_280' title='bbox 901 3212 1043 3294; x_wconf 87' lang='lat' dir='ltr'><strong>praebuit</strong></span> <span class='ocrx_word' id='word_1_281' title='bbox 1059 3211 1181 3277; x_wconf 89' lang='lat' dir='ltr'><strong>videtur</strong></span> <span class='ocrx_word' id='word_1_282' title='bbox 1196 3214 1233 3277; x_wconf 90' lang='lat' dir='ltr'><strong>nt</strong></span> <span class='ocrx_word' id='word_1_283' title='bbox 1249 3211 1322 3276; x_wconf 90' lang='lat' dir='ltr'><strong>talis</strong></span> <span class='ocrx_word' id='word_1_284' title='bbox 1338 3213 1501 3276; x_wconf 83' lang='lat' dir='ltr'><strong>excusetur</strong></span> 
     </span>
     <span class='ocr_line' id='line_1_29' title="bbox 259 3315 1499 3410; baseline -0.001 -29"><span class='ocrx_word' id='word_1_285' title='bbox 259 3335 278 3381; x_wconf 91' lang='lat' dir='ltr'><strong>a</strong></span> <span class='ocrx_word' id='word_1_286' title='bbox 300 3335 428 3384; x_wconf 85' lang='lat' dir='ltr'><strong>censura</strong></span> <span class='ocrx_word' id='word_1_287' title='bbox 441 3320 496 3398; x_wconf 66' lang='lat' dir='ltr'><strong>&#39;pr</strong></span> <span class='ocrx_word' id='word_1_288' title='bbox 536 3315 654 3381; x_wconf 80' lang='lat' dir='ltr'><strong>Tamen</strong></span> <span class='ocrx_word' id='word_1_289' title='bbox 678 3315 886 3381; x_wconf 89' lang='lat' dir='ltr'><strong>adnotandum</strong></span> <span class='ocrx_word' id='word_1_290' title='bbox 910 3320 968 3392; x_wconf 89' lang='lat' dir='ltr'><strong>est,</strong></span> <span class='ocrx_word' id='word_1_291' title='bbox 995 3335 1111 3410; x_wconf 80' lang='lat' dir='ltr'><strong>meram</strong></span> <span class='ocrx_word' id='word_1_292' title='bbox 1132 3315 1349 3383; x_wconf 89' lang='lat' dir='ltr'><strong>contritionem</strong></span> <span class='ocrx_word' id='word_1_293' title='bbox 1373 3315 1499 3380; x_wconf 80' lang='lat' dir='ltr'><strong>sceleris</strong></span> 
     </span>
     <span class='ocr_line' id='line_1_30' title="bbox 259 3418 1498 3503; baseline -0.001 -18"><span class='ocrx_word' id='word_1_294' title='bbox 259 3419 394 3486; x_wconf 88' lang='lat' dir='ltr'><strong>inchoati</strong></span> <span class='ocrx_word' id='word_1_295' title='bbox 420 3438 477 3483; x_wconf 88' lang='lat' dir='ltr'><strong>non</strong></span> <span class='ocrx_word' id='word_1_296' title='bbox 499 3418 658 3497; x_wconf 89' lang='lat' dir='ltr'><strong>sufficere,</strong></span> <span class='ocrx_word' id='word_1_297' title='bbox 688 3419 741 3485; x_wconf 89' lang='lat' dir='ltr'><strong>sed</strong></span> <span class='ocrx_word' id='word_1_298' title='bbox 765 3420 947 3502; x_wconf 90' lang='lat' dir='ltr'><strong>resipiscens</strong></span> <span class='ocrx_word' id='word_1_299' title='bbox 971 3419 1063 3485; x_wconf 85' lang='lat' dir='ltr'><strong>debet</strong></span> <span class='ocrx_word' id='word_1_300' title='bbox 1085 3420 1184 3486; x_wconf 88' lang='lat' dir='ltr'><strong>facere</strong></span> <span class='ocrx_word' id='word_1_301' title='bbox 1207 3419 1287 3503; x_wconf 92' lang='lat' dir='ltr'><strong>quod</strong></span> <span class='ocrx_word' id='word_1_302' title='bbox 1313 3421 1432 3502; x_wconf 88' lang='lat' dir='ltr'><strong>potest,</strong></span> <span class='ocrx_word' id='word_1_303' title='bbox 1461 3423 1498 3484; x_wconf 91' lang='lat' dir='ltr'><strong>ut</strong></span> 
     </span>
     <span class='ocr_line' id='line_1_31' title="bbox 259 3523 1319 3607; baseline -0.003 -18"><span class='ocrx_word' id='word_1_304' title='bbox 259 3525 385 3590; x_wconf 89' lang='lat' dir='ltr'><strong>abortus</strong></span> <span class='ocrx_word' id='word_1_305' title='bbox 405 3541 464 3588; x_wconf 93' lang='lat' dir='ltr'><strong>non</strong></span> <span class='ocrx_word' id='word_1_306' title='bbox 486 3525 632 3606; x_wconf 89' lang='lat' dir='ltr'><strong>sequatur</strong></span> <span class='ocrx_word' id='word_1_307' title='bbox 656 3523 783 3607; x_wconf 87' lang='lat' dir='ltr'><strong>ideoque</strong></span> <span class='ocrx_word' id='word_1_308' title='bbox 804 3527 835 3588; x_wconf 90' lang='lat' dir='ltr'><strong>et</strong></span> <span class='ocrx_word' id='word_1_309' title='bbox 858 3543 886 3591; x_wconf 87' lang='grc' dir='ltr'><strong>ι.</strong></span> <span class='ocrx_word' id='word_1_310' title='bbox 911 3544 940 3607; x_wconf 86' lang='lat' dir='ltr'><strong>g.</strong></span> <span class='ocrx_word' id='word_1_311' title='bbox 964 3524 1144 3589; x_wconf 87' lang='lat' dir='ltr'><strong>mandatum</strong></span> <span class='ocrx_word' id='word_1_312' title='bbox 1168 3542 1319 3590; x_wconf 86' lang='lat' dir='ltr'><strong>revocare.</strong></span> 
     </span>
    </p>
   </div>
   <div class='ocr_carea' id='block_1_3' title="bbox 647 3662 1110 3744">
    <p class='ocr_par' dir='ltr' id='par_1_5' title="bbox 647 3662 1110 3744">
     <span class='ocr_line' id='line_1_32' title="bbox 647 3662 1110 3744; baseline 0.004 -18"><span class='ocrx_word' id='word_1_313' title='bbox 647 3663 760 3728; x_wconf 87' lang='lat' dir='ltr'><strong>Medio</strong></span> <span class='ocrx_word' id='word_1_314' title='bbox 779 3663 907 3728; x_wconf 80' lang='lat' dir='ltr'><strong>obortas</strong></span> <span class='ocrx_word' id='word_1_315' title='bbox 928 3667 956 3728; x_wconf 86' lang='lat' dir='ltr'><strong>ei</strong></span> <span class='ocrx_word' id='word_1_316' title='bbox 977 3662 1110 3744; x_wconf 77' lang='lat' dir='ltr'><strong>effectas.</strong></span> 
     </span>
    </p>
   </div>
   <div class='ocr_carea' id='block_1_4' title="bbox 259 3781 1497 3970">
    <p class='ocr_par' dir='ltr' id='par_1_6' title="bbox 259 3781 1497 3970">
     <span class='ocr_line' id='line_1_33' title="bbox 361 3781 1497 3866; baseline 0.004 -20"><span class='ocrx_word' id='word_1_317' title='bbox 361 3781 407 3846; x_wconf 89' lang='lat' dir='ltr'><strong>Ut</strong></span> <span class='ocrx_word' id='word_1_318' title='bbox 428 3781 497 3866; x_wconf 92' lang='lat' dir='ltr'><strong>quis</strong></span> <span class='ocrx_word' id='word_1_319' title='bbox 519 3800 554 3847; x_wconf 85' lang='lat' dir='ltr'><strong>ex</strong></span> <span class='ocrx_word' id='word_1_320' title='bbox 577 3783 790 3864; x_wconf 89' lang='lat' dir='ltr'><strong>provocatione</strong></span> <span class='ocrx_word' id='word_1_321' title='bbox 813 3783 937 3847; x_wconf 90' lang='lat' dir='ltr'><strong>abortus</strong></span> <span class='ocrx_word' id='word_1_322' title='bbox 964 3801 995 3846; x_wconf 91' lang='lat' dir='ltr'><strong>re</strong></span> <span class='ocrx_word' id='word_1_323' title='bbox 1025 3801 1097 3847; x_wconf 87' lang='lat' dir='ltr'><strong>vera</strong></span> <span class='ocrx_word' id='word_1_324' title='bbox 1124 3782 1304 3866; x_wconf 90' lang='lat' dir='ltr'><strong>subsequuti</strong></span> <span class='ocrx_word' id='word_1_325' title='bbox 1334 3801 1497 3850; x_wconf 89' lang='lat' dir='ltr'><strong>censuram</strong></span> 
     </span>
     <span class='ocr_line' id='line_1_34' title="bbox 259 3885 886 3970; baseline 0 -20"><span class='ocrx_word' id='word_1_326' title='bbox 259 3885 432 3963; x_wconf 85' lang='lat' dir='ltr'><strong>contrahat,</strong></span> <span class='ocrx_word' id='word_1_327' title='bbox 457 3886 622 3970; x_wconf 89' lang='lat' dir='ltr'><strong>requiritur</strong></span> <span class='ocrx_word' id='word_1_328' title='bbox 643 3886 741 3969; x_wconf 91' lang='lat' dir='ltr'><strong>quoad</strong></span> <span class='ocrx_word' id='word_1_329' title='bbox 765 3886 886 3950; x_wconf 89' lang='lat' dir='ltr'><strong>media:</strong></span> 
     </span>
    </p>
   </div>
   <div class='ocr_carea' id='block_1_5' title="bbox 260 4022 1499 4786">
    <p class='ocr_par' dir='ltr' id='par_1_7' title="bbox 260 4022 1499 4178">
     <span class='ocr_line' id='line_1_35' title="bbox 363 4022 1499 4095; baseline 0 -15"><span class='ocrx_word' id='word_1_330' title='bbox 363 4025 389 4093; x_wconf 90' lang='lat' dir='ltr'><strong>l)</strong></span> <span class='ocrx_word' id='word_1_331' title='bbox 410 4027 531 4091; x_wconf 73' lang='lat' dir='ltr'><strong>Hatram,</strong></span> <span class='ocrx_word' id='word_1_332' title='bbox 549 4026 568 4080; x_wconf 86' lang='lat' dir='ltr'><strong>l.</strong></span> <span class='ocrx_word' id='word_1_333' title='bbox 588 4041 610 4079; x_wconf 81' lang='lat' dir='ltr'><strong>c:</strong></span> <span class='ocrx_word' id='word_1_334' title='bbox 628 4039 690 4093; x_wconf 81' lang='lat' dir='ltr'><strong>pag.</strong></span> <span class='ocrx_word' id='word_1_335' title='bbox 710 4024 749 4078; x_wconf 83' lang='lat' dir='ltr'><strong>lo.</strong></span> <span class='ocrx_word' id='word_1_336' title='bbox 777 4024 931 4095; x_wconf 71' lang='lat' dir='ltr'><strong>Alpheus„</strong></span> <span class='ocrx_word' id='word_1_337' title='bbox 949 4023 969 4078; x_wconf 93' lang='lat' dir='ltr'><strong>l.</strong></span> <span class='ocrx_word' id='word_1_338' title='bbox 987 4040 1009 4077; x_wconf 92' lang='lat' dir='ltr'><strong>c.</strong></span> <span class='ocrx_word' id='word_1_339' title='bbox 1027 4024 1052 4078; x_wconf 90' lang='lat'><strong>7.</strong></span> <span class='ocrx_word' id='word_1_340' title='bbox 1070 4041 1096 4078; x_wconf 91' lang='lat' dir='ltr'><strong>n.</strong></span> <span class='ocrx_word' id='word_1_341' title='bbox 1114 4023 1156 4089; x_wconf 87' lang='grc'><strong>47,</strong></span> <span class='ocrx_word' id='word_1_342' title='bbox 1174 4023 1223 4078; x_wconf 79' lang='lat'><strong>48:</strong></span> <span class='ocrx_word' id='word_1_343' title='bbox 1241 4022 1274 4078; x_wconf 86' lang='lat' dir='ltr'><strong>ci.</strong></span> <span class='ocrx_word' id='word_1_344' title='bbox 1295 4023 1377 4078; x_wconf 87' lang='lat' dir='ltr'><strong>etiam</strong></span> <span class='ocrx_word' id='word_1_345' title='bbox 1396 4025 1499 4080; x_wconf 49' lang='lat' dir='ltr'><strong>fretm-</strong></span> 
     </span>
     <span class='ocr_line' id='line_1_36' title="bbox 260 4107 672 4178; baseline -0.01 -11"><span class='ocrx_word' id='word_1_346' title='bbox 260 4114 343 4178; x_wconf 79' lang='lat' dir='ltr'><strong>neor,</strong></span> <span class='ocrx_word' id='word_1_347' title='bbox 362 4111 381 4166; x_wconf 91' lang='lat' dir='ltr'><strong>i.</strong></span> <span class='ocrx_word' id='word_1_348' title='bbox 399 4128 420 4165; x_wconf 90' lang='lat' dir='ltr'><strong>c.</strong></span> <span class='ocrx_word' id='word_1_349' title='bbox 439 4112 492 4166; x_wconf 80' lang='lat' dir='ltr'><strong>vol.</strong></span> <span class='ocrx_word' id='word_1_350' title='bbox 510 4111 548 4166; x_wconf 91' lang='lat'><strong>11.</strong></span> <span class='ocrx_word' id='word_1_351' title='bbox 566 4127 592 4165; x_wconf 91' lang='lat' dir='ltr'><strong>n.</strong></span> <span class='ocrx_word' id='word_1_352' title='bbox 612 4107 672 4165; x_wconf 89' lang='grc'><strong>866.</strong></span> 
     </span>
    </p>

    <p class='ocr_par' dir='ltr' id='par_1_8' title="bbox 363 4197 654 4268">
     <span class='ocr_line' id='line_1_37' title="bbox 363 4197 654 4268; baseline -0.007 -16"><span class='ocrx_word' id='word_1_353' title='bbox 363 4198 390 4268; x_wconf 87' lang='grc'><strong>2)</strong></span> <span class='ocrx_word' id='word_1_354' title='bbox 408 4199 426 4252; x_wconf 93' lang='lat' dir='ltr'><strong>l.</strong></span> <span class='ocrx_word' id='word_1_355' title='bbox 446 4215 467 4253; x_wconf 92' lang='lat' dir='ltr'><strong>c.</strong></span> <span class='ocrx_word' id='word_1_356' title='bbox 486 4198 506 4254; x_wconf 94' lang='lat' dir='ltr'><strong>l.</strong></span> <span class='ocrx_word' id='word_1_357' title='bbox 524 4200 547 4252; x_wconf 91' lang='lat'><strong>7.</strong></span> <span class='ocrx_word' id='word_1_358' title='bbox 568 4215 594 4251; x_wconf 94' lang='lat' dir='ltr'><strong>n.</strong></span> <span class='ocrx_word' id='word_1_359' title='bbox 611 4197 654 4251; x_wconf 89' lang='grc'><strong>46.</strong></span> 
     </span>
    </p>

    <p class='ocr_par' dir='ltr' id='par_1_9' title="bbox 361 4279 1495 4352">
     <span class='ocr_line' id='line_1_38' title="bbox 361 4279 1495 4352; baseline 0 -14"><span class='ocrx_word' id='word_1_360' title='bbox 361 4285 389 4352; x_wconf 83' lang='grc'><strong>3)</strong></span> <span class='ocrx_word' id='word_1_361' title='bbox 410 4283 606 4346; x_wconf 77' lang='lat' dir='ltr'><strong>D&#39;Arcntbole&#39;,</strong></span> <span class='ocrx_word' id='word_1_362' title='bbox 624 4282 643 4335; x_wconf 92' lang='lat'><strong>1.</strong></span> <span class='ocrx_word' id='word_1_363' title='bbox 658 4297 680 4336; x_wconf 93' lang='lat' dir='ltr'><strong>c.</strong></span> <span class='ocrx_word' id='word_1_364' title='bbox 693 4297 717 4334; x_wconf 92' lang='lat' dir='ltr'><strong>n.</strong></span> <span class='ocrx_word' id='word_1_365' title='bbox 732 4279 795 4346; x_wconf 79' lang='lat'>153;</span> <span class='ocrx_word' id='word_1_366' title='bbox 816 4281 981 4346; x_wconf 81' lang='lat' dir='ltr'><strong>Veccdto,1.</strong></span> <span class='ocrx_word' id='word_1_367' title='bbox 994 4281 1098 4346; x_wconf 82' lang='lat' dir='ltr'><strong>n.d2i;</strong></span> <span class='ocrx_word' id='word_1_368' title='bbox 1119 4283 1243 4348; x_wconf 80' lang='lat' dir='ltr'><strong>Saurea,</strong></span> <span class='ocrx_word' id='word_1_369' title='bbox 1257 4279 1290 4336; x_wconf 86' lang='lat' dir='ltr'><strong>de</strong></span> <span class='ocrx_word' id='word_1_370' title='bbox 1301 4282 1406 4336; x_wconf 70' lang='lat' dir='ltr'><strong>cenad.</strong></span> <span class='ocrx_word' id='word_1_371' title='bbox 1418 4283 1457 4338; x_wconf 80' lang='grc'><strong>13.</strong></span> <span class='ocrx_word' id='word_1_372' title='bbox 1468 4283 1495 4338; x_wconf 90' lang='grc'><strong>4.</strong></span> 
     </span>
    </p>

    <p class='ocr_par' dir='ltr' id='par_1_10' title="bbox 361 4369 657 4438">
     <span class='ocr_line' id='line_1_39' title="bbox 361 4369 657 4438; baseline -0.007 -13"><span class='ocrx_word' id='word_1_373' title='bbox 361 4371 389 4438; x_wconf 83' lang='grc'><strong>4)</strong></span> <span class='ocrx_word' id='word_1_374' title='bbox 412 4371 570 4435; x_wconf 80' lang='lat' dir='ltr'><strong>Reatinae,</strong></span> <span class='ocrx_word' id='word_1_375' title='bbox 589 4385 615 4423; x_wconf 94' lang='lat' dir='ltr'><strong>n.</strong></span> <span class='ocrx_word' id='word_1_376' title='bbox 633 4369 657 4424; x_wconf 89' lang='lat'><strong>8.</strong></span> 
     </span>
    </p>

    <p class='ocr_par' dir='ltr' id='par_1_11' title="bbox 362 4455 626 4526">
     <span class='ocr_line' id='line_1_40' title="bbox 362 4455 626 4526; baseline 0 -15"><span class='ocrx_word' id='word_1_377' title='bbox 362 4455 425 4525; x_wconf 84' lang='lat'>5)1.</span> <span class='ocrx_word' id='word_1_378' title='bbox 444 4472 465 4513; x_wconf 90' lang='lat' dir='ltr'><strong>c.</strong></span> <span class='ocrx_word' id='word_1_379' title='bbox 483 4471 547 4526; x_wconf 79' lang='lat' dir='ltr'><strong>pag.</strong></span> <span class='ocrx_word' id='word_1_380' title='bbox 565 4455 626 4511; x_wconf 76' lang='lat'><strong>246.</strong></span> 
     </span>
    </p>

    <p class='ocr_par' dir='ltr' id='par_1_12' title="bbox 262 4539 1493 4700">
     <span class='ocr_line' id='line_1_41' title="bbox 362 4539 1493 4612; baseline 0 -15"><span class='ocrx_word' id='word_1_381' title='bbox 362 4542 389 4611; x_wconf 89' lang='grc'><strong>6)</strong></span> <span class='ocrx_word' id='word_1_382' title='bbox 409 4543 584 4608; x_wconf 64' lang='grc' dir='ltr'><strong>Ιιοὴιιιῖιιιὴὶ,</strong></span> <span class='ocrx_word' id='word_1_383' title='bbox 602 4543 620 4597; x_wconf 94' lang='lat' dir='ltr'><strong>l.</strong></span> <span class='ocrx_word' id='word_1_384' title='bbox 634 4557 655 4596; x_wconf 93' lang='lat' dir='ltr'><strong>c.</strong></span> <span class='ocrx_word' id='word_1_385' title='bbox 675 4541 711 4596; x_wconf 88' lang='lat'><strong>11.</strong></span> <span class='ocrx_word' id='word_1_386' title='bbox 730 4557 756 4596; x_wconf 90' lang='lat' dir='ltr'><strong>n.</strong></span> <span class='ocrx_word' id='word_1_387' title='bbox 771 4539 837 4604; x_wconf 71' lang='lat'><strong>8683</strong></span> <span class='ocrx_word' id='word_1_388' title='bbox 860 4544 1043 4612; x_wconf 78' lang='lat' dir='ltr'><strong>Atptoaear,</strong></span> <span class='ocrx_word' id='word_1_389' title='bbox 1058 4541 1077 4594; x_wconf 91' lang='lat' dir='ltr'><strong>l.</strong></span> <span class='ocrx_word' id='word_1_390' title='bbox 1089 4557 1111 4595; x_wconf 92' lang='lat' dir='ltr'><strong>c.</strong></span> <span class='ocrx_word' id='word_1_391' title='bbox 1124 4543 1148 4596; x_wconf 87' lang='lat'><strong>7.</strong></span> <span class='ocrx_word' id='word_1_392' title='bbox 1160 4542 1209 4606; x_wconf 84' lang='lat'><strong>40;</strong></span> <span class='ocrx_word' id='word_1_393' title='bbox 1228 4539 1325 4604; x_wconf 70' lang='lat' dir='ltr'><strong>Salen,</strong></span> <span class='ocrx_word' id='word_1_394' title='bbox 1338 4539 1387 4594; x_wconf 85' lang='lat' dir='ltr'><strong>XI.</strong></span> <span class='ocrx_word' id='word_1_395' title='bbox 1402 4541 1426 4595; x_wconf 72' lang='grc'><strong>1.</strong></span> <span class='ocrx_word' id='word_1_396' title='bbox 1438 4543 1493 4597; x_wconf 78' lang='lat' dir='ltr'><strong>rao.</strong></span> 
     </span>
     <span class='ocr_line' id='line_1_42' title="bbox 262 4629 590 4700; baseline -0.003 -16"><span class='ocrx_word' id='word_1_397' title='bbox 262 4631 384 4694; x_wconf 76' lang='lat' dir='ltr'><strong>idcircor,</strong></span> <span class='ocrx_word' id='word_1_398' title='bbox 404 4629 423 4683; x_wconf 92' lang='lat' dir='ltr'><strong>l.</strong></span> <span class='ocrx_word' id='word_1_399' title='bbox 441 4646 464 4685; x_wconf 91' lang='lat' dir='ltr'><strong>c.</strong></span> <span class='ocrx_word' id='word_1_400' title='bbox 482 4647 545 4700; x_wconf 79' lang='lat' dir='ltr'><strong>pag.</strong></span> <span class='ocrx_word' id='word_1_401' title='bbox 565 4630 590 4683; x_wconf 86' lang='grc'><strong>6.</strong></span> 
     </span>
    </p>

    <p class='ocr_par' dir='ltr' id='par_1_13' title="bbox 363 4714 901 4786">
     <span class='ocr_line' id='line_1_43' title="bbox 363 4714 901 4786; baseline -0.004 -16"><span class='ocrx_word' id='word_1_402' title='bbox 363 4716 390 4786; x_wconf 79' lang='grc'><strong>7)</strong></span> <span class='ocrx_word' id='word_1_403' title='bbox 412 4715 608 4782; x_wconf 77' lang='lat' dir='ltr'><strong>D&#39;rimer&#39;dali,</strong></span> <span class='ocrx_word' id='word_1_404' title='bbox 625 4714 644 4773; x_wconf 86' lang='lat' dir='ltr'><strong>l.</strong></span> <span class='ocrx_word' id='word_1_405' title='bbox 661 4732 684 4769; x_wconf 86' lang='lat' dir='ltr'><strong>c.</strong></span> <span class='ocrx_word' id='word_1_406' title='bbox 702 4733 729 4770; x_wconf 91' lang='lat' dir='ltr'><strong>n.</strong></span> <span class='ocrx_word' id='word_1_407' title='bbox 746 4717 762 4768; x_wconf 98' lang='lat'><strong>7</strong></span> <span class='ocrx_word' id='word_1_408' title='bbox 781 4717 809 4769; x_wconf 86' lang='lat' dir='ltr'><strong>at</strong></span> <span class='ocrx_word' id='word_1_409' title='bbox 827 4717 901 4769; x_wconf 87' lang='lat' dir='ltr'><strong>nota.</strong></span> 
     </span>
    </p>
   </div>
   <div class='ocr_carea' id='block_1_6' title="bbox 0 0 1579 5204">
    <p class='ocr_par' dir='ltr' id='par_1_14' title="bbox 0 0 1579 5204">
     <span class='ocr_line' id='line_1_44' title="bbox 0 0 1579 5204; baseline 0 0"><span class='ocrx_word' id='word_1_410' title='bbox 0 0 1579 5204; x_wconf 95' lang='lat' dir='ltr'><strong> </strong></span> 
     </span>
    </p>
   </div>
  </div>
 </body>
</html>
