3142 5204
273 324 326 394 ’54
470 339 683 410 Hcddcnreo‘ct,
704 343 782 399 Dior.
801 345 837 398 in
855 359 916 398 cus.
935 343 988 397 alt.
1007 346 1102 399 count.
1124 341 1227 410 Aponi.
1247 342 1343 398 Sedis.

283 516 389 584 ordine
410 516 573 582 charitatis
595 503 751 583 abstinere
773 536 792 581 a
814 513 967 580 medicina
988 563 994 578 .
1012 565 1019 580 .
1035 563 1053 593 .,
1078 513 1136 578 nisi
1152 511 1280 596 aequale
1294 513 1337 578 sit
1350 514 1532 598 periculum

284 622 410 687 abortus
432 622 496 686 sivo
517 620 669 688 medicina
692 623 834 688 sumatur
856 620 921 685 sive
943 637 1038 685 secus.
1073 618 1132 684 »Et
1150 619 1283 694 etiamsi,
1307 618 1419 702 pergit,
1445 639 1535 684 mors

285 724 393 793 matris
416 726 497 792 osset
516 725 676 791 moraliter
698 727 791 802 certa,
817 725 842 788 si
865 742 923 788 non
940 722 1110 788 remedium
1127 723 1241 799 sumat,
1265 741 1320 787 nec
1335 722 1433 787 etiam
1452 726 1535 787 tuuc

284 828 428 894 auderem
452 829 480 894 ei
505 828 691 895 medicinam
712 828 908 914 permittere,
940 827 965 892 si
996 827 1100 911 aliqua
1124 825 1317 891 rationabilis
1341 845 1409 910 spes
1435 827 1535 892 afful-

284 934 382 1017 geret,
403 932 483 1017 quod
507 935 629 998 mortua
652 933 751 998 matre
774 933 875 1016 proies
897 931 1106 1014 superviveret
1128 931 1161 994 et
1181 930 1332 1013 baptizari
1353 933 1534 1013 posset...

283 1035 378 1103 Secus
400 1056 471 1102 nero
491 1036 676 1114 dicendum,
706 1038 733 1102 si
763 1036 848 1101 nulia
871 1054 939 1118 spos
963 1034 1154 1101 rationabilis
1178 1037 1258 1099 essct
1280 1034 1318 1098 de
1343 1035 1405 1100 rita
1432 1035 1536 1118 prolis

284 1141 506 1225 postmortem
530 1141 668 1209 matris«

389 1245 492 1310 In'tiam
514 1244 644 1312 Soooim'
664 1243 831 1328 distinguit
860 1243 961 1310 adhuc
990 1242 1069 1309 inter
1091 1243 1207 1308 ioetum
1227 1241 1398 1308 animatum
1425 1245 1462 1308 et
1486 1243 1537 1310 in·

285 1347 457 1415 animatum
490 1350 522 1414 et
552 1347 703 1414 diiudicat
737 1351 871 1413 nostram
906 1346 1116 1431 quaestionem
1151 1347 1372 1413 consentaneus
1400 1347 1437 1416 S.
1470 1349 1535 1414 Ao-

284 1451 402 1535 ptonao
413 1451 447 1536 1),
469 1453 575 1520 rotans
605 1454 735 1518 matrem
758 1452 790 1517 iu
813 1452 918 1517 morbo
941 1451 1076 1516 extremo
1099 1451 1300 1516 constitutam
1322 1450 1536 1535 pharmacum

285 1573 407 1622 sumere
430 1555 469 1622 ad
494 1557 706 1640 expellendum
730 1556 846 1620 directe
866 1553 983 1620 foetum
1007 1553 1223 1630 inanimatum,
1248 1573 1316 1619 cum
1342 1555 1422 1620 »hoc
1448 1576 1536 1622 oom-

286 1660 410 1726 munius
433 1663 567 1744 negent,
596 1663 683 1726 tanto
707 1661 826 1743 magis,
850 1658 931 1743 quod
954 1658 1108 1724 inutiliter
1130 1661 1320 1736 sumeretur,
1349 1660 1385 1724 ut
1409 1659 1536 1725 directe

221 1806 228 1816 ·
287 1763 458 1847 expellatur
481 1765 590 1843 foetus,
616 1783 686 1830 uum
710 1763 808 1848 possit
825 1763 987 1831 indirecte.
1027 1761 1118 1829 Ratio
1137 1764 1195 1840 est,
1217 1763 1291 1846 quia
1314 1782 1402 1828 verus
1428 1763 1537 1830 foetus

285 1869 359 1958 ¹(non
382 1869 556 1952 corruptus)
576 1872 623 1934 est
644 1869 841 1952 propinquior
863 1867 945 1934 vitae
969 1867 1121 1932 humanas
1144 1868 1237 1950 atque
1257 1868 1290 1931 in
1311 1868 1391 1933 uteri
1407 1888 1535 1951 posses·

287 1972 382 2039 mono.
427 1971 534 2056 Neque
567 1973 668 2056 potest
701 1972 760 2036 diei
793 1991 864 2055 pars
897 1971 1063 2049 viscerum,
1095 1989 1164 2035 cum
1195 1971 1237 2035 sit
1259 1971 1438 2038 inchoativa
1461 1993 1536 2038 oon·

288 2075 472 2142 distinctum
495 2076 689 2142 individuum
714 2076 904 2152 humanum
929 2094 1026 2159 neque
1050 2075 1131 2139 vitae
1153 2094 1326 2159 aggressor,
1351 2095 1422 2140 cum
1450 2097 1488 2141 ex
1503 2096 1536 2142 se

288 2182 421 2246 mortem
444 2198 505 2245 non
528 2179 678 2259 intendat,
703 2180 756 2246 sed
780 2198 816 2246 ea
838 2197 890 2263 per
915 2178 1055 2244 accidens
1076 2179 1226 2247 eveniat«

392 2284 472 2350 Item
497 2284 589 2369 Gurg
611 2284 753 2349 abortum
777 2283 928 2350 directum
951 2283 1166 2348 medicinalem
1188 2301 1248 2348 nou
1269 2284 1362 2349 iicere
1378 2284 1535 2363 docuisse,

289 2388 381 2454 facile
403 2388 534 2473 perspici
557 2391 659 2474 potest
680 2408 716 2454 ex
736 2389 801 2452 eius
817 2387 997 2471 compendio
1014 2387 1201 2472 Theologiae
1216 2387 1382 2472 Moralisi)
1403 2390 1537 2454 ommia-

288 2490 332 2557 sis
355 2493 606 2560 adnotationibus
630 2493 789 2560 Baliarici.
1106 2487 1109 2493 ’

395 2596 532 2662 Tandem
556 2615 694 2679 expresse
718 2596 878 2660 referimus
901 2597 1088 2661 seutentiam
1105 2596 1254 2678 praeclari
1270 2595 1355 2661 illius
1375 2599 1535 2674 Kenricic,

290 2699 557 2784 archiepiscopis.
583 2699 711 2777 aloisii,
741 2699 884 2782 quoniam
918 2699 968 2764 hic
995 2700 1041 2765 vir
1064 2700 1261 2766 doctissimus
1283 2701 1386 2766 fautor
1408 2701 1535 2768 craniu-

290 2803 404 2869 tomiae
427 2803 476 2868 vel
500 2802 609 2869 directi
632 2803 757 2868 abortus
780 2803 983 2868 censebatur:
1018 2803 1071 2868 »Id
1101 2823 1155 2887 pro
1178 2823 1226 2881 re,
1249 2805 1346 2884 uiti),
1371 2805 1537 2887 explorata

290 2907 397 2972 haberi
422 2907 529 2986 debet,
560 2926 716 2991 uunquam
739 2908 833 2972 licere
857 2908 1058 2990 pharmacum
1083 2909 1172 2987 dare,
1207 2909 1288 2992 quod
1316 2907 1355 2973 ud
1387 2909 1536 2974 abortum

292 3009 455 3096 dirigatur,
480 3031 509 3076 v.
533 3030 564 3095 g.
585 3014 621 3077 ut
642 3012 863 3096 comprimatur
884 3014 977 3096 caput
1001 3012 1033 3078 in
1056 3013 1143 3079 utero
1167 3012 1204 3076 ad
1228 3031 1386 3096 egressum
1409 3013 1535 3079 facilio-

289 3135 366 3195 rem,
389 3133 445 3181 uec
468 3115 560 3182 licere
581 3116 799 3182 instrumentis
822 3117 938 3182 foetum
961 3117 1067 3182 virum
1090 3117 1274 3194 exscindere,
1300 3117 1334 3182 ut
1356 3135 1411 3200 per
1427 3121 1537 3202 partes

290 3220 486 3286 extrahaturr
520 3221 596 3286 hacc
630 3221 711 3287 euim
747 3222 793 3285 est
826 3222 958 3286 hominis
981 3220 1108 3299 occisio,
1144 3240 1221 3304 quac
1245 3239 1297 3303 per
1320 3239 1353 3286 se
1376 3221 1464 3287 maia
1488 3225 1538 3288 est

243 3371 245 3377 ι
289 3323 418 3408 ideoque
442 3325 625 3408 nequidem
647 3325 685 3390 ud
712 3325 809 3391 vitam
831 3325 941 3390 matris
966 3325 1147 3390 servandam
1172 3327 1274 3408 potest
1296 3326 1399 3392 licere.
1445 3326 1537 3407 Quod

290 3430 394 3494 autem
417 3430 545 3513 uterque
568 3429 711 3508 intereat,
735 3430 794 3496 nisi
818 3429 911 3494 matri
935 3429 1145 3508 subveniatur,
1168 3447 1204 3494 ex
1218 3429 1414 3495 naturalibus
1430 3432 1536 3496 causis

290 3531 441 3618 contigit,
471 3533 558 3598 nulla
580 3533 713 3599 alicuius
732 3533 842 3616 cuipa,
879 3553 972 3617 quum
997 3534 1138 3617 peccaret
1161 3553 1177 3598 e
1204 3535 1328 3611 contra,
1362 3533 1413 3618 qui
1441 3535 1537 3600 alteri

290 3635 419 3702 alterius
461 3637 639 3722 gravamine
681 3638 882 3704 succurreret.
957 3637 1070 3702 Locum
1113 3637 1211 3721 igitur
1246 3637 1340 3703 habet
1375 3637 1537 3704 Ambrosii

291 3740 461 3806 monitum:
490 3739 523 3806 Si
546 3741 637 3807 aliter
661 3740 817 3807 subreniri
840 3760 901 3806 non
925 3741 1038 3824 possit,
1068 3740 1128 3806 nisi
1157 3743 1236 3808 alter
1258 3741 1417 3818 laedatur,
1452 3763 1537 3808 eom·

291 3843 413 3910 modius
437 3847 494 3925 est,
517 3847 661 3910 neutrum
682 3845 788 3910 iuvare
811 3863 904 3929 quarn
924 3846 1056 3910 aiterum
1078 3844 1266 3932 gravari4).‹

395 3957 426 4024 N
428 3977 466 4024 ou
481 3957 648 4024 difficulter
659 3957 769 4024 deduci
783 3959 884 4042 potest
896 3976 932 4022 ex
944 3955 1020 4022 locis
1032 3957 1139 4023 relatis
1153 3957 1323 4024 communis
1340 3957 1535 4044 doctino⁵):

395 4168 421 4237 1)
441 4168 459 4222 L
477 4183 499 4222 c.
517 4185 543 4238 p.
560 4167 598 4224 11.
615 4170 650 4222 tr.
668 4166 730 4222 VII.
749 4166 816 4236 disp.
839 4167 876 4222 11.
894 4181 933 4237 cp.
952 4166 974 4221 Ι.
995 4183 1019 4221 a.
1039 4165 1062 4221 I.
1080 4165 1105 4232 fl.
1121 4166 1145 4220 4.

394 4253 422 4324 2)
440 4255 507 4310 tom.
523 4253 545 4309 I.
564 4271 591 4310 n.
609 4254 755 4312 ma-mu

394 4340 423 4410 3)
441 4339 536 4398 Theoi.
554 4340 649 4397 moral.
668 4339 720 4396 rol.
739 4339 761 4395 1.
779 4341 814 4394 tr.
833 4338 886 4393 111.
904 4355 930 4394 n.
946 4338 1006 4396 128.

393 4427 421 4496 4)
440 4427 473 4483 ci.
493 4427 583 4482 etiam.
604 4429 742 4491 Gousaei,
762 4424 985 4496 Moraltheologie
1003 4441 1063 4480 zum
1079 4423 1220 4481 Gcbrauch
1237 4425 1279 4480 fur
1292 4424 1343 4480 den
1357 4423 1535 4480 CuratkIerus

291 4515 359 4570 nach
378 4513 426 4570 der
444 4515 468 4570 5.
488 4513 602 4585 Auflage
621 4514 664 4569 fiir
681 4511 729 4569 das
746 4512 917 4568 katholiaoho
934 4511 1129 4576 Deutschland,
1147 4510 1299 4566 bourbcitet
1313 4526 1364 4564 rou
1385 4510 1435 4566 Dr.
1455 4512 1481 4568 J.
1501 4511 1534 4564 N.

290 4601 321 4658 P.
340 4598 509 4670 Oinchinger,
527 4600 622 4655 Eroter
639 4599 726 4662 Band.
745 4598 937 4654 Schati'nauscn
957 4598 1032 4663 1851,
1051 4614 1114 4668 pag.
1132 4595 1175 4661 30,
1196 4597 1226 4652 n.
1241 4596 1387 4652 cal-623.

395 4688 423 4757 5)
440 4687 474 4745 ci.
494 4687 562 4742 Acta
580 4705 600 4743 s.
621 4686 696 4744 Sedis
716 4688 767 4742 rol.
784 4686 860 4742 VIII.
877 4702 937 4756 app.
955 4683 1017 4740 XII.
1036 4701 1061 4754 p.
1080 4684 1140 4739 519.
