<?xml version="1.0" encoding="UTF-8"?>
<!DOCTYPE html PUBLIC "-//W3C//DTD XHTML 1.0 Transitional//EN"
    "http://www.w3.org/TR/xhtml1/DTD/xhtml1-transitional.dtd">
<html xmlns="http://www.w3.org/1999/xhtml" xml:lang="en" lang="en">
 <head>
  <title>
</title>
<meta http-equiv="Content-Type" content="text/html;charset=utf-8" />
  <meta name='ocr-system' content='tesseract 3.04.00' />
  <meta name='ocr-capabilities' content='ocr_page ocr_carea ocr_par ocr_line ocrx_word'/>
</head>
<body>
  <div class='ocr_page' id='page_1' title='image "./dissertatioinca00heidgoog_0084.png"; bbox 0 0 3142 5204; ppageno 0'>
   <div class='ocr_carea' id='block_1_1' title="bbox 393 304 1264 398">
    <p class='ocr_par' dir='ltr' id='par_1_1' title="bbox 393 304 1264 398">
     <span class='ocr_line' id='line_1_1' title="bbox 393 304 1264 398; baseline -0.001 -14"><span class='ocrx_word' id='word_1_1' title='bbox 393 317 597 398; x_wconf 70' lang='grc' dir='ltr'><strong>Όριναὲὶοπιε</strong></span> <span class='ocrx_word' id='word_1_2' title='bbox 614 324 651 385; x_wconf 79' lang='lat' dir='ltr'><strong>ira</strong></span> <span class='ocrx_word' id='word_1_3' title='bbox 668 327 765 397; x_wconf 79' lang='lat' dir='ltr'><strong>partu</strong></span> <span class='ocrx_word' id='word_1_4' title='bbox 783 327 897 384; x_wconf 76' lang='lat' dir='ltr'><strong>licitae.</strong></span> <span class='ocrx_word' id='word_1_5' title='bbox 1221 304 1264 376; x_wconf 73' lang='grc'><strong>77</strong></span> 
     </span>
    </p>
   </div>
   <div class='ocr_carea' id='block_1_2' title="bbox 15 496 1285 3798">
    <p class='ocr_par' dir='ltr' id='par_1_2' title="bbox 31 496 1285 773">
     <span class='ocr_line' id='line_1_2' title="bbox 128 496 1264 585; baseline -0.001 -21"><span class='ocrx_word' id='word_1_6' title='bbox 128 496 258 582; x_wconf 79' lang='lat' dir='ltr'><strong>Pelagio</strong></span> <span class='ocrx_word' id='word_1_7' title='bbox 281 497 392 562; x_wconf 88' lang='lat' dir='ltr'><strong>mulier</strong></span> <span class='ocrx_word' id='word_1_8' title='bbox 415 516 433 562; x_wconf 89' lang='lat' dir='ltr'><strong>a</strong></span> <span class='ocrx_word' id='word_1_9' title='bbox 453 501 601 580; x_wconf 88' lang='lat' dir='ltr'><strong>quattuor</strong></span> <span class='ocrx_word' id='word_1_10' title='bbox 624 502 673 568; x_wconf 89' lang='lat' dir='ltr'><strong>vel</strong></span> <span class='ocrx_word' id='word_1_11' title='bbox 698 501 832 585; x_wconf 87' lang='lat' dir='ltr'><strong>quinqua</strong></span> <span class='ocrx_word' id='word_1_12' title='bbox 858 497 1014 564; x_wconf 92' lang='lat' dir='ltr'><strong>mensibus</strong></span> <span class='ocrx_word' id='word_1_13' title='bbox 1036 516 1210 583; x_wconf 77' lang='lat' dir='ltr'><strong>praegnans</strong></span> <span class='ocrx_word' id='word_1_14' title='bbox 1233 499 1264 563; x_wconf 91' lang='lat' dir='ltr'><strong>in</strong></span> 
     </span>
     <span class='ocr_line' id='line_1_3' title="bbox 31 602 1264 686; baseline 0 -18"><span class='ocrx_word' id='word_1_15' title='bbox 31 622 141 668; x_wconf 88' lang='lat' dir='ltr'><strong>summo</strong></span> <span class='ocrx_word' id='word_1_16' title='bbox 167 603 252 668; x_wconf 87' lang='lat' dir='ltr'><strong>vitae</strong></span> <span class='ocrx_word' id='word_1_17' title='bbox 272 602 409 684; x_wconf 90' lang='lat' dir='ltr'><strong>periculo</strong></span> <span class='ocrx_word' id='word_1_18' title='bbox 432 604 648 685; x_wconf 76' lang='lat' dir='ltr'><strong>constituitur,</strong></span> <span class='ocrx_word' id='word_1_19' title='bbox 682 607 715 670; x_wconf 88' lang='lat' dir='ltr'><strong>et</strong></span> <span class='ocrx_word' id='word_1_20' title='bbox 746 604 869 670; x_wconf 89' lang='lat' dir='ltr'><strong>videtur</strong></span> <span class='ocrx_word' id='word_1_21' title='bbox 900 603 1028 668; x_wconf 86' lang='lat' dir='ltr'><strong>iamiam</strong></span> <span class='ocrx_word' id='word_1_22' title='bbox 1055 602 1192 686; x_wconf 86' lang='lat' dir='ltr'><strong>animam</strong></span> <span class='ocrx_word' id='word_1_23' title='bbox 1216 603 1264 668; x_wconf 85' lang='lat' dir='ltr'><strong>el-</strong></span> 
     </span>
     <span class='ocr_line' id='line_1_4' title="bbox 33 707 1285 773; baseline 0.005 -3"><span class='ocrx_word' id='word_1_24' title='bbox 33 707 149 773; x_wconf 72' lang='lat' dir='ltr'><strong>latura.</strong></span> <span class='ocrx_word' id='word_1_25' title='bbox 1282 719 1285 724; x_wconf 76' lang='grc'><strong><em>’</em></strong></span> 
     </span>
    </p>

    <p class='ocr_par' dir='ltr' id='par_1_3' title="bbox 30 809 1268 1410">
     <span class='ocr_line' id='line_1_5' title="bbox 125 809 1266 894; baseline 0.002 -20"><span class='ocrx_word' id='word_1_26' title='bbox 125 809 256 874; x_wconf 85' lang='lat' dir='ltr'><strong>Praeter</strong></span> <span class='ocrx_word' id='word_1_27' title='bbox 279 809 432 874; x_wconf 88' lang='lat' dir='ltr'><strong>medicum</strong></span> <span class='ocrx_word' id='word_1_28' title='bbox 455 810 646 876; x_wconf 87' lang='lat' dir='ltr'><strong>ordinarium</strong></span> <span class='ocrx_word' id='word_1_29' title='bbox 663 812 727 876; x_wconf 88' lang='lat' dir='ltr'><strong>tres</strong></span> <span class='ocrx_word' id='word_1_30' title='bbox 743 811 798 876; x_wconf 88' lang='lat' dir='ltr'><strong>alii</strong></span> <span class='ocrx_word' id='word_1_31' title='bbox 818 811 1009 878; x_wconf 76' lang='lat' dir='ltr'><strong>advocantur</strong></span> <span class='ocrx_word' id='word_1_32' title='bbox 1023 810 1144 876; x_wconf 87' lang='lat' dir='ltr'><strong>consilii</strong></span> <span class='ocrx_word' id='word_1_33' title='bbox 1160 829 1266 894; x_wconf 88' lang='lat' dir='ltr'><strong>capes·</strong></span> 
     </span>
     <span class='ocr_line' id='line_1_6' title="bbox 31 912 1267 997; baseline 0.001 -19"><span class='ocrx_word' id='word_1_34' title='bbox 31 914 235 978; x_wconf 79' lang='lat' dir='ltr'><strong>sardicense.</strong></span> <span class='ocrx_word' id='word_1_35' title='bbox 282 913 326 978; x_wconf 85' lang='lat' dir='ltr'><strong>Re</strong></span> <span class='ocrx_word' id='word_1_36' title='bbox 349 912 456 979; x_wconf 88' lang='lat' dir='ltr'><strong>sedulo</strong></span> <span class='ocrx_word' id='word_1_37' title='bbox 477 932 626 997; x_wconf 85' lang='lat' dir='ltr'><strong>perpense</strong></span> <span class='ocrx_word' id='word_1_38' title='bbox 653 915 698 979; x_wconf 87' lang='lat' dir='ltr'><strong>sic</strong></span> <span class='ocrx_word' id='word_1_39' title='bbox 723 914 913 980; x_wconf 91' lang='lat' dir='ltr'><strong>unanimiter</strong></span> <span class='ocrx_word' id='word_1_40' title='bbox 943 915 1122 980; x_wconf 89' lang='lat' dir='ltr'><strong>resolvunt:</strong></span> <span class='ocrx_word' id='word_1_41' title='bbox 1154 915 1181 979; x_wconf 89' lang='lat' dir='ltr'><strong>si</strong></span> <span class='ocrx_word' id='word_1_42' title='bbox 1210 934 1267 997; x_wconf 88' lang='lat' dir='ltr'><strong>ope</strong></span> 
     </span>
     <span class='ocr_line' id='line_1_7' title="bbox 31 1016 1268 1101; baseline 0 -19"><span class='ocrx_word' id='word_1_43' title='bbox 31 1019 97 1082; x_wconf 87' lang='lat' dir='ltr'><strong>artis</strong></span> <span class='ocrx_word' id='word_1_44' title='bbox 121 1016 289 1082; x_wconf 87' lang='lat' dir='ltr'><strong>medicalis</strong></span> <span class='ocrx_word' id='word_1_45' title='bbox 311 1018 493 1098; x_wconf 83' lang='lat' dir='ltr'><strong>procuretur</strong></span> <span class='ocrx_word' id='word_1_46' title='bbox 516 1018 625 1083; x_wconf 88' lang='lat' dir='ltr'><strong>eiectio</strong></span> <span class='ocrx_word' id='word_1_47' title='bbox 641 1019 749 1098; x_wconf 89' lang='lat' dir='ltr'><strong>foetus,</strong></span> <span class='ocrx_word' id='word_1_48' title='bbox 775 1018 826 1081; x_wconf 89' lang='lat' dir='ltr'><strong>bic</strong></span> <span class='ocrx_word' id='word_1_49' title='bbox 842 1017 966 1100; x_wconf 88' lang='lat' dir='ltr'><strong>quidem</strong></span> <span class='ocrx_word' id='word_1_50' title='bbox 984 1018 1105 1100; x_wconf 80' lang='lat' dir='ltr'><strong>peribit,</strong></span> <span class='ocrx_word' id='word_1_51' title='bbox 1128 1018 1181 1082; x_wconf 88' lang='lat' dir='ltr'><strong>sed</strong></span> <span class='ocrx_word' id='word_1_52' title='bbox 1198 1036 1268 1101; x_wconf 92' lang='lat' dir='ltr'><strong>pro-</strong></span> 
     </span>
     <span class='ocr_line' id='line_1_8' title="bbox 31 1120 1267 1206; baseline 0 -20"><span class='ocrx_word' id='word_1_53' title='bbox 31 1122 172 1186; x_wconf 89' lang='lat' dir='ltr'><strong>babiliter</strong></span> <span class='ocrx_word' id='word_1_54' title='bbox 187 1120 301 1202; x_wconf 89' lang='lat' dir='ltr'><strong>poterit</strong></span> <span class='ocrx_word' id='word_1_55' title='bbox 316 1120 470 1202; x_wconf 85' lang='lat' dir='ltr'><strong>baptizari</strong></span> <span class='ocrx_word' id='word_1_56' title='bbox 485 1121 652 1206; x_wconf 87' lang='lat' dir='ltr'><strong>antequam</strong></span> <span class='ocrx_word' id='word_1_57' title='bbox 667 1122 877 1204; x_wconf 81' lang='lat' dir='ltr'><strong>extinguatur,</strong></span> <span class='ocrx_word' id='word_1_58' title='bbox 894 1123 926 1188; x_wconf 91' lang='lat' dir='ltr'><strong>et</strong></span> <span class='ocrx_word' id='word_1_59' title='bbox 942 1122 1042 1187; x_wconf 87' lang='lat' dir='ltr'><strong>mater</strong></span> <span class='ocrx_word' id='word_1_60' title='bbox 1057 1121 1142 1186; x_wconf 88' lang='lat' dir='ltr'><strong>carto</strong></span> <span class='ocrx_word' id='word_1_61' title='bbox 1158 1121 1267 1186; x_wconf 86' lang='lat' dir='ltr'><strong>mortis</strong></span> 
     </span>
     <span class='ocr_line' id='line_1_9' title="bbox 30 1223 1266 1308; baseline 0 -20"><span class='ocrx_word' id='word_1_62' title='bbox 30 1226 159 1308; x_wconf 84' lang='lat' dir='ltr'><strong>periculo</strong></span> <span class='ocrx_word' id='word_1_63' title='bbox 184 1224 342 1306; x_wconf 87' lang='lat' dir='ltr'><strong>eripietur.</strong></span> <span class='ocrx_word' id='word_1_64' title='bbox 376 1223 400 1288; x_wconf 81' lang='lat' dir='ltr'><strong>ll</strong></span> <span class='ocrx_word' id='word_1_65' title='bbox 420 1225 582 1303; x_wconf 90' lang='lat' dir='ltr'><strong>contrario,</strong></span> <span class='ocrx_word' id='word_1_66' title='bbox 607 1224 667 1290; x_wconf 84' lang='lat' dir='ltr'><strong>nisi</strong></span> <span class='ocrx_word' id='word_1_67' title='bbox 688 1225 735 1290; x_wconf 90' lang='lat' dir='ltr'><strong>ita</strong></span> <span class='ocrx_word' id='word_1_68' title='bbox 750 1225 815 1304; x_wconf 87' lang='lat' dir='ltr'><strong>fiet,</strong></span> <span class='ocrx_word' id='word_1_69' title='bbox 840 1225 944 1289; x_wconf 89' lang='lat' dir='ltr'><strong>actum</strong></span> <span class='ocrx_word' id='word_1_70' title='bbox 958 1227 1007 1290; x_wconf 87' lang='lat' dir='ltr'><strong>est</strong></span> <span class='ocrx_word' id='word_1_71' title='bbox 1022 1226 1089 1290; x_wconf 88' lang='lat' dir='ltr'><strong>tum</strong></span> <span class='ocrx_word' id='word_1_72' title='bbox 1106 1224 1143 1290; x_wconf 89' lang='lat' dir='ltr'><strong>ds</strong></span> <span class='ocrx_word' id='word_1_73' title='bbox 1158 1226 1266 1304; x_wconf 88' lang='lat' dir='ltr'><strong>matre,</strong></span> 
     </span>
     <span class='ocr_line' id='line_1_10' title="bbox 30 1327 906 1410; baseline 0.002 -18"><span class='ocrx_word' id='word_1_74' title='bbox 30 1335 86 1394; x_wconf 89' lang='lat' dir='ltr'><strong>lom</strong></span> <span class='ocrx_word' id='word_1_75' title='bbox 110 1328 152 1392; x_wconf 89' lang='lat' dir='ltr'><strong>dc</strong></span> <span class='ocrx_word' id='word_1_76' title='bbox 175 1327 260 1410; x_wconf 85' lang='lat' dir='ltr'><strong>prole</strong></span> <span class='ocrx_word' id='word_1_77' title='bbox 283 1329 314 1392; x_wconf 94' lang='lat' dir='ltr'><strong>et</strong></span> <span class='ocrx_word' id='word_1_78' title='bbox 338 1327 414 1394; x_wconf 89' lang='lat' dir='ltr'><strong>baec</strong></span> <span class='ocrx_word' id='word_1_79' title='bbox 437 1328 585 1410; x_wconf 79' lang='lat' dir='ltr'><strong>baptismi</strong></span> <span class='ocrx_word' id='word_1_80' title='bbox 609 1328 755 1393; x_wconf 88' lang='lat' dir='ltr'><strong>beneficio</strong></span> <span class='ocrx_word' id='word_1_81' title='bbox 777 1328 906 1394; x_wconf 87' lang='lat' dir='ltr'><strong>carebit.</strong></span> 
     </span>
    </p>

    <p class='ocr_par' dir='ltr' id='par_1_4' title="bbox 29 1431 1267 1723">
     <span class='ocr_line' id='line_1_11' title="bbox 126 1431 1266 1514; baseline 0.003 -18"><span class='ocrx_word' id='word_1_82' title='bbox 126 1431 190 1496; x_wconf 90' lang='lat' dir='ltr'><strong>His</strong></span> <span class='ocrx_word' id='word_1_83' title='bbox 220 1431 349 1496; x_wconf 87' lang='lat' dir='ltr'><strong>statutis</strong></span> <span class='ocrx_word' id='word_1_84' title='bbox 377 1431 565 1497; x_wconf 87' lang='lat' dir='ltr'><strong>concludunt</strong></span> <span class='ocrx_word' id='word_1_85' title='bbox 595 1432 634 1496; x_wconf 91' lang='lat' dir='ltr'><strong>ad</strong></span> <span class='ocrx_word' id='word_1_86' title='bbox 667 1433 809 1497; x_wconf 88' lang='lat' dir='ltr'><strong>abortum</strong></span> <span class='ocrx_word' id='word_1_87' title='bbox 839 1431 1075 1514; x_wconf 89' lang='lat' dir='ltr'><strong>procurandum.</strong></span> <span class='ocrx_word' id='word_1_88' title='bbox 1130 1433 1266 1498; x_wconf 77' lang='lat' dir='ltr'><strong>eventus</strong></span> 
     </span>
     <span class='ocr_line' id='line_1_12' title="bbox 30 1534 1267 1618; baseline 0.001 -19"><span class='ocrx_word' id='word_1_89' title='bbox 30 1536 248 1618; x_wconf 84' lang='lat' dir='ltr'><strong>praevisionem</strong></span> <span class='ocrx_word' id='word_1_90' title='bbox 277 1535 464 1600; x_wconf 90' lang='lat' dir='ltr'><strong>medicorum</strong></span> <span class='ocrx_word' id='word_1_91' title='bbox 487 1535 653 1617; x_wconf 84' lang='lat' dir='ltr'><strong>probavit;</strong></span> <span class='ocrx_word' id='word_1_92' title='bbox 684 1536 778 1618; x_wconf 89' lang='lat' dir='ltr'><strong>prolis</strong></span> <span class='ocrx_word' id='word_1_93' title='bbox 809 1534 891 1600; x_wconf 90' lang='lat' dir='ltr'><strong>enim</strong></span> <span class='ocrx_word' id='word_1_94' title='bbox 921 1536 1020 1602; x_wconf 87' lang='lat' dir='ltr'><strong>eiecta</strong></span> <span class='ocrx_word' id='word_1_95' title='bbox 1048 1537 1081 1603; x_wconf 87' lang='lat' dir='ltr'><strong>et</strong></span> <span class='ocrx_word' id='word_1_96' title='bbox 1107 1537 1267 1618; x_wconf 81' lang='lat' dir='ltr'><strong>baptizata</strong></span> 
     </span>
     <span class='ocr_line' id='line_1_13' title="bbox 29 1638 1066 1723; baseline 0.006 -21"><span class='ocrx_word' id='word_1_97' title='bbox 29 1641 102 1704; x_wconf 88' lang='lat' dir='ltr'><strong>illico</strong></span> <span class='ocrx_word' id='word_1_98' title='bbox 126 1639 270 1703; x_wconf 84' lang='lat' dir='ltr'><strong>extincta</strong></span> <span class='ocrx_word' id='word_1_99' title='bbox 292 1640 349 1716; x_wconf 90' lang='lat' dir='ltr'><strong>eat,</strong></span> <span class='ocrx_word' id='word_1_100' title='bbox 374 1641 405 1704; x_wconf 91' lang='lat' dir='ltr'><strong>et</strong></span> <span class='ocrx_word' id='word_1_101' title='bbox 428 1639 557 1722; x_wconf 87' lang='lat' dir='ltr'><strong>Pelagia</strong></span> <span class='ocrx_word' id='word_1_102' title='bbox 579 1639 666 1705; x_wconf 85' lang='lat' dir='ltr'><strong>salva</strong></span> <span class='ocrx_word' id='word_1_103' title='bbox 688 1641 776 1704; x_wconf 87' lang='lat' dir='ltr'><strong>tanto</strong></span> <span class='ocrx_word' id='word_1_104' title='bbox 798 1638 934 1723; x_wconf 90' lang='lat' dir='ltr'><strong>periculo</strong></span> <span class='ocrx_word' id='word_1_105' title='bbox 957 1639 1066 1708; x_wconf 89' lang='lat' dir='ltr'><strong>evasit.</strong></span> 
     </span>
    </p>

    <p class='ocr_par' dir='ltr' id='par_1_5' title="bbox 28 1741 1266 1930">
     <span class='ocr_line' id='line_1_14' title="bbox 126 1741 1266 1826; baseline 0.001 -18"><span class='ocrx_word' id='word_1_106' title='bbox 126 1743 214 1808; x_wconf 85' lang='lat' dir='ltr'><strong>Hinc</strong></span> <span class='ocrx_word' id='word_1_107' title='bbox 234 1760 378 1826; x_wconf 87' lang='lat' dir='ltr'><strong>quaeres:</strong></span> <span class='ocrx_word' id='word_1_108' title='bbox 400 1741 480 1824; x_wconf 82' lang='lat' dir='ltr'><strong>Quid</strong></span> <span class='ocrx_word' id='word_1_109' title='bbox 497 1744 596 1810; x_wconf 73' lang='lat' dir='ltr'><strong>iuris?</strong></span> <span class='ocrx_word' id='word_1_110' title='bbox 622 1742 682 1808; x_wconf 87' lang='lat' dir='ltr'><strong>Seu</strong></span> <span class='ocrx_word' id='word_1_111' title='bbox 706 1763 746 1809; x_wconf 90' lang='lat' dir='ltr'><strong>an</strong></span> <span class='ocrx_word' id='word_1_112' title='bbox 761 1745 865 1808; x_wconf 87' lang='lat' dir='ltr'><strong>stante</strong></span> <span class='ocrx_word' id='word_1_113' title='bbox 880 1761 963 1822; x_wconf 85' lang='lat' dir='ltr'><strong>casu,</strong></span> <span class='ocrx_word' id='word_1_114' title='bbox 983 1746 1018 1809; x_wconf 88' lang='lat' dir='ltr'><strong>ut</strong></span> <span class='ocrx_word' id='word_1_115' title='bbox 1034 1743 1125 1824; x_wconf 87' lang='lat' dir='ltr'><strong>iacet,</strong></span> <span class='ocrx_word' id='word_1_116' title='bbox 1141 1744 1266 1810; x_wconf 88' lang='lat' dir='ltr'><strong>abortus</strong></span> 
     </span>
     <span class='ocr_line' id='line_1_15' title="bbox 28 1847 982 1930; baseline -0.006 -18"><span class='ocrx_word' id='word_1_117' title='bbox 28 1847 185 1930; x_wconf 86' lang='lat' dir='ltr'><strong>procuravi</strong></span> <span class='ocrx_word' id='word_1_118' title='bbox 207 1847 370 1929; x_wconf 74' lang='lat' dir='ltr'><strong>potuerit?</strong></span> <span class='ocrx_word' id='word_1_119' title='bbox 978 1874 982 1879; x_wconf 89' lang='lat'><em>-</em></span> 
     </span>
    </p>

    <p class='ocr_par' dir='ltr' id='par_1_6' title="bbox 15 1949 1266 2224">
     <span class='ocr_line' id='line_1_16' title="bbox 123 1949 1266 2036; baseline 0.002 -20"><span class='ocrx_word' id='word_1_120' title='bbox 123 1949 268 2016; x_wconf 86' lang='lat' dir='ltr'><strong>Solutio:</strong></span> <span class='ocrx_word' id='word_1_121' title='bbox 300 1950 426 2034; x_wconf 85' lang='lat' dir='ltr'><strong>Negant</strong></span> <span class='ocrx_word' id='word_1_122' title='bbox 456 1950 594 2034; x_wconf 87' lang='lat' dir='ltr'><strong>plerique</strong></span> <span class='ocrx_word' id='word_1_123' title='bbox 623 1953 740 2017; x_wconf 87' lang='lat' dir='ltr'><strong>veteres</strong></span> <span class='ocrx_word' id='word_1_124' title='bbox 767 1951 927 2036; x_wconf 82' lang='lat' dir='ltr'><strong>theologi,</strong></span> <span class='ocrx_word' id='word_1_125' title='bbox 959 1953 1012 2033; x_wconf 88' lang='lat' dir='ltr'><strong>qui</strong></span> <span class='ocrx_word' id='word_1_126' title='bbox 1042 1951 1185 2018; x_wconf 82' lang='lat' dir='ltr'><strong>abortum</strong></span> <span class='ocrx_word' id='word_1_127' title='bbox 1217 1951 1266 2018; x_wconf 92' lang='lat' dir='ltr'><strong>in-</strong></span> 
     </span>
     <span class='ocr_line' id='line_1_17' title="bbox 15 2039 1264 2138; baseline 0.002 -20"><span class='ocrx_word' id='word_1_128' title='bbox 15 2039 173 2120; x_wconf 72' lang='lat' dir='ltr'><strong>instincte</strong></span> <span class='ocrx_word' id='word_1_129' title='bbox 215 2052 407 2118; x_wconf 82' lang='lat' dir='ltr'><strong>considerare</strong></span> <span class='ocrx_word' id='word_1_130' title='bbox 441 2055 664 2121; x_wconf 85' lang='lat' dir='ltr'><strong>consueverunt</strong></span> <span class='ocrx_word' id='word_1_131' title='bbox 705 2058 864 2138; x_wconf 83' lang='lat' dir='ltr'><strong>tamquam</strong></span> <span class='ocrx_word' id='word_1_132' title='bbox 900 2055 1050 2120; x_wconf 88' lang='lat' dir='ltr'><strong>directam</strong></span> <span class='ocrx_word' id='word_1_133' title='bbox 1082 2055 1177 2137; x_wconf 91' lang='lat' dir='ltr'><strong>prolis</strong></span> <span class='ocrx_word' id='word_1_134' title='bbox 1211 2074 1264 2120; x_wconf 90' lang='lat' dir='ltr'><strong>ec-</strong></span> 
     </span>
     <span class='ocr_line' id='line_1_18' title="bbox 29 2177 183 2224; baseline 0.006 -3"><span class='ocrx_word' id='word_1_135' title='bbox 29 2177 183 2224; x_wconf 77' lang='lat' dir='ltr'><strong>ursionem.</strong></span> 
     </span>
    </p>

    <p class='ocr_par' dir='ltr' id='par_1_7' title="bbox 28 2259 1268 3266">
     <span class='ocr_line' id='line_1_19' title="bbox 125 2259 1265 2330; baseline 0.001 -3"><span class='ocrx_word' id='word_1_136' title='bbox 125 2262 280 2327; x_wconf 80' lang='lat' dir='ltr'><strong>Attamen</strong></span> <span class='ocrx_word' id='word_1_137' title='bbox 303 2259 519 2327; x_wconf 80' lang='lat' dir='ltr'><strong>affirmandum</strong></span> <span class='ocrx_word' id='word_1_138' title='bbox 544 2261 667 2327; x_wconf 89' lang='lat' dir='ltr'><strong>videtur</strong></span> <span class='ocrx_word' id='word_1_139' title='bbox 689 2281 758 2327; x_wconf 91' lang='lat' dir='ltr'><strong>cum</strong></span> <span class='ocrx_word' id='word_1_140' title='bbox 782 2262 1003 2328; x_wconf 86' lang='lat' dir='ltr'><strong>recentioribus</strong></span> <span class='ocrx_word' id='word_1_141' title='bbox 1026 2262 1210 2330; x_wconf 85' lang='lat' dir='ltr'><strong>Ductoribus</strong></span> <span class='ocrx_word' id='word_1_142' title='bbox 1233 2263 1265 2328; x_wconf 93' lang='lat' dir='ltr'><strong>in</strong></span> 
     </span>
     <span class='ocr_line' id='line_1_20' title="bbox 28 2363 1266 2448; baseline -0.001 -16"><span class='ocrx_word' id='word_1_143' title='bbox 28 2385 101 2444; x_wconf 81' lang='lat' dir='ltr'><strong>usn,</strong></span> <span class='ocrx_word' id='word_1_144' title='bbox 129 2365 189 2430; x_wconf 88' lang='lat' dir='ltr'><strong>ubi</strong></span> <span class='ocrx_word' id='word_1_145' title='bbox 213 2382 297 2429; x_wconf 89' lang='lat' dir='ltr'><strong>mera</strong></span> <span class='ocrx_word' id='word_1_146' title='bbox 317 2365 450 2430; x_wconf 88' lang='lat' dir='ltr'><strong>babetur</strong></span> <span class='ocrx_word' id='word_1_147' title='bbox 469 2366 575 2448; x_wconf 85' lang='lat' dir='ltr'><strong>pertus</strong></span> <span class='ocrx_word' id='word_1_148' title='bbox 598 2365 790 2432; x_wconf 87' lang='lat' dir='ltr'><strong>acceleratio.</strong></span> <span class='ocrx_word' id='word_1_149' title='bbox 819 2363 906 2432; x_wconf 80' lang='lat' dir='ltr'><strong>Tunc</strong></span> <span class='ocrx_word' id='word_1_150' title='bbox 921 2366 1003 2432; x_wconf 90' lang='lat' dir='ltr'><strong>enim</strong></span> <span class='ocrx_word' id='word_1_151' title='bbox 1018 2384 1079 2432; x_wconf 92' lang='lat' dir='ltr'><strong>non</strong></span> <span class='ocrx_word' id='word_1_152' title='bbox 1098 2367 1266 2434; x_wconf 86' lang='lat' dir='ltr'><strong>intervenit</strong></span> 
     </span>
     <span class='ocr_line' id='line_1_21' title="bbox 28 2467 1267 2554; baseline 0.003 -22"><span class='ocrx_word' id='word_1_153' title='bbox 28 2470 140 2535; x_wconf 84' lang='lat' dir='ltr'><strong>directa</strong></span> <span class='ocrx_word' id='word_1_154' title='bbox 165 2467 278 2535; x_wconf 86' lang='lat' dir='ltr'><strong>occisio</strong></span> <span class='ocrx_word' id='word_1_155' title='bbox 298 2467 416 2546; x_wconf 85' lang='lat' dir='ltr'><strong>tostus,</strong></span> <span class='ocrx_word' id='word_1_156' title='bbox 446 2469 498 2552; x_wconf 88' lang='lat' dir='ltr'><strong>qui</strong></span> <span class='ocrx_word' id='word_1_157' title='bbox 527 2470 651 2534; x_wconf 85' lang='lat' dir='ltr'><strong>tantum</strong></span> <span class='ocrx_word' id='word_1_158' title='bbox 678 2471 838 2536; x_wconf 86' lang='lat' dir='ltr'><strong>amovetur</strong></span> <span class='ocrx_word' id='word_1_159' title='bbox 859 2487 878 2534; x_wconf 88' lang='lat' dir='ltr'><strong>a</strong></span> <span class='ocrx_word' id='word_1_160' title='bbox 899 2469 982 2549; x_wconf 88' lang='lat' dir='ltr'><strong>loco,</strong></span> <span class='ocrx_word' id='word_1_161' title='bbox 1014 2471 1047 2534; x_wconf 95' lang='lat' dir='ltr'><strong>in</strong></span> <span class='ocrx_word' id='word_1_162' title='bbox 1076 2488 1138 2554; x_wconf 87' lang='lat' dir='ltr'><strong>quo</strong></span> <span class='ocrx_word' id='word_1_163' title='bbox 1163 2469 1267 2538; x_wconf 86' lang='lat' dir='ltr'><strong>vivere</strong></span> 
     </span>
     <span class='ocr_line' id='line_1_22' title="bbox 29 2572 1266 2658; baseline 0.001 -21"><span class='ocrx_word' id='word_1_164' title='bbox 29 2594 75 2638; x_wconf 89' lang='lat' dir='ltr'><strong>ron</strong></span> <span class='ocrx_word' id='word_1_165' title='bbox 98 2573 225 2657; x_wconf 88' lang='lat' dir='ltr'><strong>potest,</strong></span> <span class='ocrx_word' id='word_1_166' title='bbox 246 2573 279 2637; x_wconf 93' lang='lat' dir='ltr'><strong>et</strong></span> <span class='ocrx_word' id='word_1_167' title='bbox 300 2573 450 2638; x_wconf 86' lang='lat' dir='ltr'><strong>statuitur</strong></span> <span class='ocrx_word' id='word_1_168' title='bbox 471 2573 504 2636; x_wconf 93' lang='lat' dir='ltr'><strong>in</strong></span> <span class='ocrx_word' id='word_1_169' title='bbox 527 2572 588 2638; x_wconf 90' lang='lat' dir='ltr'><strong>alio</strong></span> <span class='ocrx_word' id='word_1_170' title='bbox 611 2574 693 2651; x_wconf 89' lang='lat' dir='ltr'><strong>loco,</strong></span> <span class='ocrx_word' id='word_1_171' title='bbox 717 2572 749 2638; x_wconf 92' lang='lat' dir='ltr'><strong>in</strong></span> <span class='ocrx_word' id='word_1_172' title='bbox 772 2591 831 2656; x_wconf 85' lang='lat' dir='ltr'><strong>quo</strong></span> <span class='ocrx_word' id='word_1_173' title='bbox 852 2572 953 2658; x_wconf 82' lang='lat' dir='ltr'><strong>magis</strong></span> <span class='ocrx_word' id='word_1_174' title='bbox 976 2574 1074 2640; x_wconf 88' lang='lat' dir='ltr'><strong>vitam</strong></span> <span class='ocrx_word' id='word_1_175' title='bbox 1097 2573 1266 2657; x_wconf 86' lang='lat' dir='ltr'><strong>producere</strong></span> 
     </span>
     <span class='ocr_line' id='line_1_23' title="bbox 29 2675 1266 2763; baseline 0.002 -23"><span class='ocrx_word' id='word_1_176' title='bbox 29 2678 149 2762; x_wconf 78' lang='lat' dir='ltr'><strong>neqnit3</strong></span> <span class='ocrx_word' id='word_1_177' title='bbox 180 2678 214 2741; x_wconf 91' lang='lat' dir='ltr'><strong>et</strong></span> <span class='ocrx_word' id='word_1_178' title='bbox 246 2676 370 2759; x_wconf 88' lang='lat' dir='ltr'><strong>proinde</strong></span> <span class='ocrx_word' id='word_1_179' title='bbox 398 2677 430 2740; x_wconf 94' lang='lat' dir='ltr'><strong>in</strong></span> <span class='ocrx_word' id='word_1_180' title='bbox 454 2675 549 2758; x_wconf 90' lang='lat' dir='ltr'><strong>peiori</strong></span> <span class='ocrx_word' id='word_1_181' title='bbox 571 2676 746 2742; x_wconf 90' lang='lat' dir='ltr'><strong>conditione</strong></span> <span class='ocrx_word' id='word_1_182' title='bbox 768 2677 896 2742; x_wconf 91' lang='lat' dir='ltr'><strong>minime</strong></span> <span class='ocrx_word' id='word_1_183' title='bbox 919 2677 1140 2757; x_wconf 88' lang='lat' dir='ltr'><strong>constituitur,</strong></span> <span class='ocrx_word' id='word_1_184' title='bbox 1173 2679 1266 2763; x_wconf 80' lang='lat' dir='ltr'><strong>atque</strong></span> 
     </span>
     <span class='ocr_line' id='line_1_24' title="bbox 28 2779 1268 2866; baseline 0.005 -24"><span class='ocrx_word' id='word_1_185' title='bbox 28 2781 146 2846; x_wconf 79' lang='lat' dir='ltr'><strong>aliunde</strong></span> <span class='ocrx_word' id='word_1_186' title='bbox 180 2779 327 2845; x_wconf 87' lang='lat' dir='ltr'><strong>beneficio</strong></span> <span class='ocrx_word' id='word_1_187' title='bbox 359 2780 507 2863; x_wconf 87' lang='lat' dir='ltr'><strong>baptismi</strong></span> <span class='ocrx_word' id='word_1_188' title='bbox 535 2780 643 2846; x_wconf 90' lang='lat' dir='ltr'><strong>donari</strong></span> <span class='ocrx_word' id='word_1_189' title='bbox 673 2783 785 2864; x_wconf 87' lang='lat' dir='ltr'><strong>potest.</strong></span> <span class='ocrx_word' id='word_1_190' title='bbox 830 2781 917 2846; x_wconf 75' lang='lat' dir='ltr'><strong>&#39;lunc</strong></span> <span class='ocrx_word' id='word_1_191' title='bbox 938 2782 1038 2866; x_wconf 84' lang='lat' dir='ltr'><strong>igitur</strong></span> <span class='ocrx_word' id='word_1_192' title='bbox 1060 2782 1161 2848; x_wconf 84' lang='lat' dir='ltr'><strong>mater</strong></span> <span class='ocrx_word' id='word_1_193' title='bbox 1183 2783 1268 2848; x_wconf 88' lang='lat' dir='ltr'><strong>iusta</strong></span> 
     </span>
     <span class='ocr_line' id='line_1_25' title="bbox 31 2884 1267 2967; baseline 0.004 -20"><span class='ocrx_word' id='word_1_194' title='bbox 31 2884 181 2950; x_wconf 86' lang='lat' dir='ltr'><strong>lecausa</strong></span> <span class='ocrx_word' id='word_1_195' title='bbox 204 2903 288 2949; x_wconf 88' lang='lat' dir='ltr'><strong>mere</strong></span> <span class='ocrx_word' id='word_1_196' title='bbox 311 2886 411 2950; x_wconf 85' lang='lat' dir='ltr'><strong>cessat</strong></span> <span class='ocrx_word' id='word_1_197' title='bbox 434 2885 539 2951; x_wconf 89' lang='lat' dir='ltr'><strong>avite</strong></span> <span class='ocrx_word' id='word_1_198' title='bbox 569 2884 663 2967; x_wconf 87' lang='lat' dir='ltr'><strong>prolis</strong></span> <span class='ocrx_word' id='word_1_199' title='bbox 691 2885 902 2951; x_wconf 86' lang='lat' dir='ltr'><strong>custodienda.</strong></span> <span class='ocrx_word' id='word_1_200' title='bbox 955 2885 1097 2966; x_wconf 77' lang='lat' dir='ltr'><strong>Etenim,</strong></span> <span class='ocrx_word' id='word_1_201' title='bbox 1124 2889 1160 2952; x_wconf 91' lang='lat' dir='ltr'><strong>ut</strong></span> <span class='ocrx_word' id='word_1_202' title='bbox 1189 2888 1267 2953; x_wconf 88' lang='lat' dir='ltr'><strong>scite</strong></span> 
     </span>
     <span class='ocr_line' id='line_1_26' title="bbox 28 2987 1267 3072; baseline 0.003 -21"><span class='ocrx_word' id='word_1_203' title='bbox 28 2989 169 3056; x_wconf 88' lang='lat' dir='ltr'><strong>observat</strong></span> <span class='ocrx_word' id='word_1_204' title='bbox 195 2987 284 3071; x_wconf 83' lang='lat' dir='ltr'><strong>Lugo</strong></span> <span class='ocrx_word' id='word_1_205' title='bbox 307 2988 441 3055; x_wconf 85' lang='lat' dir='ltr'><strong>doinst.</strong></span> <span class='ocrx_word' id='word_1_206' title='bbox 465 2989 497 3054; x_wconf 89' lang='lat' dir='ltr'><strong>et</strong></span> <span class='ocrx_word' id='word_1_207' title='bbox 519 2988 577 3054; x_wconf 90' lang='lat' dir='ltr'><strong>iur.</strong></span> <span class='ocrx_word' id='word_1_208' title='bbox 601 2988 679 3072; x_wconf 90' lang='lat' dir='ltr'><strong>disp.</strong></span> <span class='ocrx_word' id='word_1_209' title='bbox 702 2989 741 3056; x_wconf 88' lang='lat' dir='ltr'><strong>X.</strong></span> <span class='ocrx_word' id='word_1_210' title='bbox 766 3009 795 3053; x_wconf 91' lang='lat' dir='ltr'><strong>n.</strong></span> <span class='ocrx_word' id='word_1_211' title='bbox 820 2988 901 3069; x_wconf 82' lang='lat'><strong>133,</strong></span> <span class='ocrx_word' id='word_1_212' title='bbox 931 2993 1031 3056; x_wconf 84' lang='lat' dir='ltr'><strong>mater</strong></span> <span class='ocrx_word' id='word_1_213' title='bbox 1062 3009 1121 3056; x_wconf 91' lang='lat' dir='ltr'><strong>non</strong></span> <span class='ocrx_word' id='word_1_214' title='bbox 1143 2992 1267 3057; x_wconf 66' lang='lat' dir='ltr'><strong>meatur</strong></span> 
     </span>
     <span class='ocr_line' id='line_1_27' title="bbox 28 3091 1268 3180; baseline 0.003 -24"><span class='ocrx_word' id='word_1_215' title='bbox 28 3111 86 3158; x_wconf 77' lang='lat' dir='ltr'><strong>rum</strong></span> <span class='ocrx_word' id='word_1_216' title='bbox 109 3091 206 3158; x_wconf 87' lang='lat' dir='ltr'><strong>tanto</strong></span> <span class='ocrx_word' id='word_1_217' title='bbox 230 3091 312 3158; x_wconf 91' lang='lat' dir='ltr'><strong>vitae</strong></span> <span class='ocrx_word' id='word_1_218' title='bbox 335 3110 408 3180; x_wconf 81' lang='lat' dir='ltr'><strong>snae</strong></span> <span class='ocrx_word' id='word_1_219' title='bbox 432 3091 568 3175; x_wconf 88' lang='lat' dir='ltr'><strong>periculo</strong></span> <span class='ocrx_word' id='word_1_220' title='bbox 587 3091 620 3156; x_wconf 88' lang='lat' dir='ltr'><strong>et</strong></span> <span class='ocrx_word' id='word_1_221' title='bbox 634 3093 821 3158; x_wconf 89' lang='lat' dir='ltr'><strong>detrimento</strong></span> <span class='ocrx_word' id='word_1_222' title='bbox 837 3093 953 3157; x_wconf 88' lang='lat' dir='ltr'><strong>loetum</strong></span> <span class='ocrx_word' id='word_1_223' title='bbox 972 3113 1161 3173; x_wconf 86' lang='lat' dir='ltr'><strong>conservare,</strong></span> <span class='ocrx_word' id='word_1_224' title='bbox 1186 3095 1268 3160; x_wconf 86' lang='lat' dir='ltr'><strong>siout</strong></span> 
     </span>
     <span class='ocr_line' id='line_1_28' title="bbox 30 3193 1267 3266; baseline 0.005 -8"><span class='ocrx_word' id='word_1_225' title='bbox 30 3215 72 3262; x_wconf 81' lang='lat' dir='ltr'><strong>rec</strong></span> <span class='ocrx_word' id='word_1_226' title='bbox 96 3198 215 3262; x_wconf 88' lang='lat' dir='ltr'><strong>natum</strong></span> <span class='ocrx_word' id='word_1_227' title='bbox 238 3194 300 3260; x_wconf 88' lang='lat' dir='ltr'><strong>iam</strong></span> <span class='ocrx_word' id='word_1_228' title='bbox 323 3195 423 3260; x_wconf 88' lang='lat' dir='ltr'><strong>lilium</strong></span> <span class='ocrx_word' id='word_1_229' title='bbox 445 3196 568 3262; x_wconf 88' lang='lat' dir='ltr'><strong>tenetur</strong></span> <span class='ocrx_word' id='word_1_230' title='bbox 589 3215 659 3261; x_wconf 90' lang='lat' dir='ltr'><strong>cum</strong></span> <span class='ocrx_word' id='word_1_231' title='bbox 680 3193 762 3261; x_wconf 89' lang='lat' dir='ltr'><strong>vitae</strong></span> <span class='ocrx_word' id='word_1_232' title='bbox 782 3195 960 3262; x_wconf 88' lang='lat' dir='ltr'><strong>discrimine</strong></span> <span class='ocrx_word' id='word_1_233' title='bbox 977 3198 1060 3264; x_wconf 84' lang='lat' dir='ltr'><strong>alere</strong></span> <span class='ocrx_word' id='word_1_234' title='bbox 1075 3200 1107 3265; x_wconf 91' lang='lat' dir='ltr'><strong>et</strong></span> <span class='ocrx_word' id='word_1_235' title='bbox 1123 3198 1267 3266; x_wconf 87' lang='lat' dir='ltr'><strong>retinere.</strong></span> 
     </span>
    </p>

    <p class='ocr_par' dir='ltr' id='par_1_8' title="bbox 31 3288 1269 3693">
     <span class='ocr_line' id='line_1_29' title="bbox 123 3288 1267 3384; baseline 0.007 -22"><span class='ocrx_word' id='word_1_236' title='bbox 123 3298 241 3363; x_wconf 87' lang='lat' dir='ltr'><strong>Placet</strong></span> <span class='ocrx_word' id='word_1_237' title='bbox 263 3299 367 3364; x_wconf 86' lang='lat' dir='ltr'><strong>tamen</strong></span> <span class='ocrx_word' id='word_1_238' title='bbox 389 3297 575 3376; x_wconf 89' lang='lat' dir='ltr'><strong>moderatio,</strong></span> <span class='ocrx_word' id='word_1_239' title='bbox 604 3288 698 3384; x_wconf 86' lang='lat' dir='ltr'><strong>quum</strong></span> <span class='ocrx_word' id='word_1_240' title='bbox 729 3298 801 3364; x_wconf 84' lang='lat' dir='ltr'><strong>huic</strong></span> <span class='ocrx_word' id='word_1_241' title='bbox 824 3298 980 3364; x_wconf 88' lang='lat' dir='ltr'><strong>doctrinae</strong></span> <span class='ocrx_word' id='word_1_242' title='bbox 1003 3303 1111 3382; x_wconf 87' lang='lat' dir='ltr'><strong>postea</strong></span> <span class='ocrx_word' id='word_1_243' title='bbox 1135 3302 1267 3370; x_wconf 89' lang='lat' dir='ltr'><strong>eddidit.</strong></span> 
     </span>
     <span class='ocr_line' id='line_1_30' title="bbox 34 3401 1269 3488; baseline 0.006 -24"><span class='ocrx_word' id='word_1_244' title='bbox 34 3401 188 3485; x_wconf 70' lang='lat' dir='ltr'><strong>lespera,</strong></span> <span class='ocrx_word' id='word_1_245' title='bbox 224 3420 332 3485; x_wconf 88' lang='lat' dir='ltr'><strong>nempe</strong></span> <span class='ocrx_word' id='word_1_246' title='bbox 363 3401 420 3467; x_wconf 88' lang='lat' dir='ltr'><strong>boo</strong></span> <span class='ocrx_word' id='word_1_247' title='bbox 441 3402 679 3486; x_wconf 88' lang='lat' dir='ltr'><strong>intelligendum</strong></span> <span class='ocrx_word' id='word_1_248' title='bbox 703 3403 830 3469; x_wconf 77' lang='lat' dir='ltr'><strong>assa‘de</strong></span> <span class='ocrx_word' id='word_1_249' title='bbox 853 3403 1015 3488; x_wconf 85' lang='lat' dir='ltr'><strong>sanguinis</strong></span> <span class='ocrx_word' id='word_1_250' title='bbox 1037 3404 1200 3485; x_wconf 87' lang='lat' dir='ltr'><strong>missione,</strong></span> <span class='ocrx_word' id='word_1_251' title='bbox 1230 3406 1269 3472; x_wconf 90' lang='lat' dir='ltr'><strong>da</strong></span> 
     </span>
     <span class='ocr_line' id='line_1_31' title="bbox 32 3505 1268 3590; baseline 0.007 -24"><span class='ocrx_word' id='word_1_252' title='bbox 32 3507 141 3572; x_wconf 79' lang='lat' dir='ltr'><strong>:alneis</strong></span> <span class='ocrx_word' id='word_1_253' title='bbox 168 3507 201 3570; x_wconf 91' lang='lat' dir='ltr'><strong>et</strong></span> <span class='ocrx_word' id='word_1_254' title='bbox 224 3505 400 3571; x_wconf 90' lang='lat' dir='ltr'><strong>huiusmodi</strong></span> <span class='ocrx_word' id='word_1_255' title='bbox 423 3505 586 3585; x_wconf 86' lang='lat' dir='ltr'><strong>remediis,</strong></span> <span class='ocrx_word' id='word_1_256' title='bbox 615 3524 693 3590; x_wconf 89' lang='lat' dir='ltr'><strong>quae</strong></span> <span class='ocrx_word' id='word_1_257' title='bbox 721 3524 780 3571; x_wconf 91' lang='lat' dir='ltr'><strong>non</strong></span> <span class='ocrx_word' id='word_1_258' title='bbox 802 3506 936 3571; x_wconf 86' lang='lat' dir='ltr'><strong>tendunt</strong></span> <span class='ocrx_word' id='word_1_259' title='bbox 958 3505 997 3572; x_wconf 85' lang='lat' dir='ltr'><strong>ad</strong></span> <span class='ocrx_word' id='word_1_260' title='bbox 1017 3506 1118 3574; x_wconf 81' lang='lat' dir='ltr'><strong>foetus</strong></span> <span class='ocrx_word' id='word_1_261' title='bbox 1139 3509 1268 3576; x_wconf 86' lang='lat' dir='ltr'><strong>occisio·</strong></span> 
     </span>
     <span class='ocr_line' id='line_1_32' title="bbox 31 3609 1267 3693; baseline 0.004 -19"><span class='ocrx_word' id='word_1_262' title='bbox 31 3627 106 3688; x_wconf 61' lang='grc' dir='ltr'><strong>κως</strong></span> <span class='ocrx_word' id='word_1_263' title='bbox 131 3627 198 3676; x_wconf 92' lang='lat' dir='ltr'><strong>non</strong></span> <span class='ocrx_word' id='word_1_264' title='bbox 222 3628 294 3675; x_wconf 90' lang='lat' dir='ltr'><strong>vero</strong></span> <span class='ocrx_word' id='word_1_265' title='bbox 317 3609 354 3674; x_wconf 92' lang='lat' dir='ltr'><strong>de</strong></span> <span class='ocrx_word' id='word_1_266' title='bbox 375 3609 527 3690; x_wconf 89' lang='lat' dir='ltr'><strong>remediis,</strong></span> <span class='ocrx_word' id='word_1_267' title='bbox 550 3627 627 3693; x_wconf 85' lang='lat' dir='ltr'><strong>quae</strong></span> <span class='ocrx_word' id='word_1_268' title='bbox 643 3609 774 3693; x_wconf 88' lang='lat' dir='ltr'><strong>positive</strong></span> <span class='ocrx_word' id='word_1_269' title='bbox 789 3610 828 3675; x_wconf 90' lang='lat' dir='ltr'><strong>ad</strong></span> <span class='ocrx_word' id='word_1_270' title='bbox 846 3611 912 3678; x_wconf 89' lang='lat' dir='ltr'><strong>eius</strong></span> <span class='ocrx_word' id='word_1_271' title='bbox 927 3613 1058 3676; x_wconf 89' lang='lat' dir='ltr'><strong>mortem</strong></span> <span class='ocrx_word' id='word_1_272' title='bbox 1073 3615 1267 3680; x_wconf 90' lang='lat' dir='ltr'><strong>concurrent.</strong></span> 
     </span>
    </p>

    <p class='ocr_par' dir='ltr' id='par_1_9' title="bbox 124 3712 1268 3798">
     <span class='ocr_line' id='line_1_33' title="bbox 124 3712 1268 3798; baseline 0.003 -18"><span class='ocrx_word' id='word_1_273' title='bbox 124 3713 307 3780; x_wconf 84' lang='lat' dir='ltr'><strong>Audiamus</strong></span> <span class='ocrx_word' id='word_1_274' title='bbox 324 3712 454 3797; x_wconf 90' lang='lat' dir='ltr'><strong>denique</strong></span> <span class='ocrx_word' id='word_1_275' title='bbox 469 3713 602 3778; x_wconf 87' lang='lat' dir='ltr'><strong>rationes</strong></span> <span class='ocrx_word' id='word_1_276' title='bbox 620 3714 658 3778; x_wconf 91' lang='lat' dir='ltr'><strong>el.</strong></span> <span class='ocrx_word' id='word_1_277' title='bbox 676 3713 714 3780; x_wconf 91' lang='lat' dir='ltr'><strong>P.</strong></span> <span class='ocrx_word' id='word_1_278' title='bbox 730 3713 905 3781; x_wconf 80' lang='lat' dir='ltr'><strong>Lebmlrulrl</strong></span> <span class='ocrx_word' id='word_1_279' title='bbox 920 3714 952 3779; x_wconf 92' lang='lat' dir='ltr'><strong>in</strong></span> <span class='ocrx_word' id='word_1_280' title='bbox 965 3715 1115 3782; x_wconf 86' lang='lat' dir='ltr'><strong>eiusmodi</strong></span> <span class='ocrx_word' id='word_1_281' title='bbox 1130 3716 1268 3798; x_wconf 74' lang='lat' dir='ltr'><strong>statu¹lt</strong></span> 
     </span>
    </p>
   </div>
   <div class='ocr_carea' id='block_1_3' title="bbox 32 3816 1269 4521">
    <p class='ocr_par' dir='ltr' id='par_1_10' title="bbox 32 3816 1269 4521">
     <span class='ocr_line' id='line_1_34' title="bbox 104 3816 1267 3908; baseline 0.008 -31.425"><span class='ocrx_word' id='word_1_282' title='bbox 104 3816 240 3901; x_wconf 79' lang='lat' dir='ltr'><strong>»quaeri</strong></span> <span class='ocrx_word' id='word_1_283' title='bbox 261 3817 363 3895; x_wconf 90' lang='lat' dir='ltr'><strong>debet,</strong></span> <span class='ocrx_word' id='word_1_284' title='bbox 385 3835 446 3901; x_wconf 90' lang='lat' dir='ltr'><strong>qua</strong></span> <span class='ocrx_word' id='word_1_285' title='bbox 468 3817 612 3902; x_wconf 84' lang='lat' dir='ltr'><strong>(ratione)</strong></span> <span class='ocrx_word' id='word_1_286' title='bbox 636 3817 714 3882; x_wconf 87' lang='lat' dir='ltr'><strong>banc</strong></span> <span class='ocrx_word' id='word_1_287' title='bbox 736 3817 926 3908; x_wconf 81' lang='lat' dir='ltr'><strong>invasionem</strong></span> <span class='ocrx_word' id='word_1_288' title='bbox 949 3818 982 3883; x_wconf 95' lang='lat' dir='ltr'><strong>in</strong></span> <span class='ocrx_word' id='word_1_289' title='bbox 1000 3817 1118 3885; x_wconf 84' lang='lat' dir='ltr'><strong>loetum</strong></span> <span class='ocrx_word' id='word_1_290' title='bbox 1140 3818 1267 3905; x_wconf 85' lang='lat' dir='ltr'><strong>eiusque</strong></span> 
     </span>
     <span class='ocr_line' id='line_1_35' title="bbox 32 3920 1268 3989; baseline 0.002 -5"><span class='ocrx_word' id='word_1_291' title='bbox 32 3921 114 3988; x_wconf 81' lang='lat' dir='ltr'><strong>vitale</strong></span> <span class='ocrx_word' id='word_1_292' title='bbox 129 3921 325 3988; x_wconf 87' lang='lat' dir='ltr'><strong>elementum</strong></span> <span class='ocrx_word' id='word_1_293' title='bbox 340 3920 459 3986; x_wconf 84' lang='lat' dir='ltr'><strong>licitam</strong></span> <span class='ocrx_word' id='word_1_294' title='bbox 478 3939 544 3986; x_wconf 88' lang='lat' dir='ltr'><strong>esee</strong></span> <span class='ocrx_word' id='word_1_295' title='bbox 559 3920 709 3986; x_wconf 87' lang='lat' dir='ltr'><strong>ostendat.</strong></span> <span class='ocrx_word' id='word_1_296' title='bbox 738 3921 798 3986; x_wconf 88' lang='lat' dir='ltr'><strong>Per</strong></span> <span class='ocrx_word' id='word_1_297' title='bbox 812 3941 846 3988; x_wconf 91' lang='lat' dir='ltr'><strong>se</strong></span> <span class='ocrx_word' id='word_1_298' title='bbox 859 3922 1005 3988; x_wconf 92' lang='lat' dir='ltr'><strong>nimirum</strong></span> <span class='ocrx_word' id='word_1_299' title='bbox 1021 3923 1122 3989; x_wconf 87' lang='lat' dir='ltr'><strong>tostus</strong></span> <span class='ocrx_word' id='word_1_300' title='bbox 1137 3922 1174 3989; x_wconf 91' lang='lat' dir='ltr'><strong>ad</strong></span> <span class='ocrx_word' id='word_1_301' title='bbox 1190 3923 1268 3989; x_wconf 89' lang='lat' dir='ltr'><strong>illud</strong></span> 
     </span>
     <span class='ocr_line' id='line_1_36' title="bbox 33 4024 1268 4111; baseline 0.002 -21"><span class='ocrx_word' id='word_1_302' title='bbox 33 4025 216 4092; x_wconf 72' lang='lat' dir='ltr'><strong>emensum</strong></span> <span class='ocrx_word' id='word_1_303' title='bbox 237 4024 343 4104; x_wconf 85' lang='lat' dir='ltr'><strong>vitale,</strong></span> <span class='ocrx_word' id='word_1_304' title='bbox 365 4024 594 4091; x_wconf 81' lang='lat' dir='ltr'><strong>inexistentiam</strong></span> <span class='ocrx_word' id='word_1_305' title='bbox 616 4024 649 4090; x_wconf 92' lang='lat' dir='ltr'><strong>in</strong></span> <span class='ocrx_word' id='word_1_306' title='bbox 672 4027 761 4090; x_wconf 89' lang='lat' dir='ltr'><strong>utero</strong></span> <span class='ocrx_word' id='word_1_307' title='bbox 784 4025 863 4107; x_wconf 89' lang='lat' dir='ltr'><strong>dico,</strong></span> <span class='ocrx_word' id='word_1_308' title='bbox 885 4026 935 4091; x_wconf 90' lang='lat' dir='ltr'><strong>ius</strong></span> <span class='ocrx_word' id='word_1_309' title='bbox 958 4026 1069 4108; x_wconf 88' lang='lat' dir='ltr'><strong>babet,</strong></span> <span class='ocrx_word' id='word_1_310' title='bbox 1093 4045 1188 4111; x_wconf 86' lang='lat' dir='ltr'><strong>quum</strong></span> <span class='ocrx_word' id='word_1_311' title='bbox 1212 4045 1268 4094; x_wconf 91' lang='lat' dir='ltr'><strong>na·</strong></span> 
     </span>
     <span class='ocr_line' id='line_1_37' title="bbox 34 4128 1269 4213; baseline 0.006 -23"><span class='ocrx_word' id='word_1_312' title='bbox 34 4143 88 4194; x_wconf 78' lang='lat' dir='ltr'><strong>ura</strong></span> <span class='ocrx_word' id='word_1_313' title='bbox 111 4132 176 4196; x_wconf 89' lang='lat' dir='ltr'><strong>boc</strong></span> <span class='ocrx_word' id='word_1_314' title='bbox 199 4149 256 4213; x_wconf 90' lang='lat' dir='ltr'><strong>pro</strong></span> <span class='ocrx_word' id='word_1_315' title='bbox 275 4129 341 4211; x_wconf 89' lang='lat' dir='ltr'><strong>ipso</strong></span> <span class='ocrx_word' id='word_1_316' title='bbox 363 4128 544 4195; x_wconf 90' lang='lat' dir='ltr'><strong>condiderit.</strong></span> <span class='ocrx_word' id='word_1_317' title='bbox 589 4128 634 4193; x_wconf 81' lang='lat' dir='ltr'><strong>At</strong></span> <span class='ocrx_word' id='word_1_318' title='bbox 660 4129 802 4212; x_wconf 80' lang='lat' dir='ltr'><strong>potestne</strong></span> <span class='ocrx_word' id='word_1_319' title='bbox 832 4128 963 4197; x_wconf 78' lang='lat' dir='ltr'><strong>tortame</strong></span> <span class='ocrx_word' id='word_1_320' title='bbox 993 4131 1025 4195; x_wconf 91' lang='lat' dir='ltr'><strong>in</strong></span> <span class='ocrx_word' id='word_1_321' title='bbox 1050 4131 1114 4196; x_wconf 90' lang='lat' dir='ltr'><strong>illis</strong></span> <span class='ocrx_word' id='word_1_322' title='bbox 1136 4131 1269 4198; x_wconf 84' lang='lat' dir='ltr'><strong>circum·</strong></span> 
     </span>
     <span class='ocr_line' id='line_1_38' title="bbox 36 4231 1266 4319; baseline 0.002 -20"><span class='ocrx_word' id='word_1_323' title='bbox 36 4235 145 4302; x_wconf 69' lang='lat' dir='ltr'><strong>meliis</strong></span> <span class='ocrx_word' id='word_1_324' title='bbox 173 4234 224 4298; x_wconf 87' lang='lat' dir='ltr'><strong>ins</strong></span> <span class='ocrx_word' id='word_1_325' title='bbox 246 4232 325 4298; x_wconf 92' lang='lat' dir='ltr'><strong>illud</strong></span> <span class='ocrx_word' id='word_1_326' title='bbox 350 4233 410 4299; x_wconf 88' lang='lat' dir='ltr'><strong>elio</strong></span> <span class='ocrx_word' id='word_1_327' title='bbox 432 4233 511 4311; x_wconf 88' lang='lat' dir='ltr'><strong>iuro,</strong></span> <span class='ocrx_word' id='word_1_328' title='bbox 535 4233 556 4300; x_wconf 93' lang='lat' dir='ltr'><strong>i.</strong></span> <span class='ocrx_word' id='word_1_329' title='bbox 579 4251 605 4299; x_wconf 94' lang='lat' dir='ltr'><strong>e.</strong></span> <span class='ocrx_word' id='word_1_330' title='bbox 630 4231 738 4298; x_wconf 85' lang='lat' dir='ltr'><strong>matris</strong></span> <span class='ocrx_word' id='word_1_331' title='bbox 760 4231 859 4311; x_wconf 90' lang='lat' dir='ltr'><strong>vinci,</strong></span> <span class='ocrx_word' id='word_1_332' title='bbox 883 4233 931 4300; x_wconf 92' lang='lat' dir='ltr'><strong>vel</strong></span> <span class='ocrx_word' id='word_1_333' title='bbox 954 4234 981 4300; x_wconf 93' lang='lat' dir='ltr'><strong>si</strong></span> <span class='ocrx_word' id='word_1_334' title='bbox 1004 4235 1103 4301; x_wconf 88' lang='lat' dir='ltr'><strong>mavis</strong></span> <span class='ocrx_word' id='word_1_335' title='bbox 1125 4236 1266 4319; x_wconf 87' lang='lat' dir='ltr'><strong>potestne</strong></span> 
     </span>
     <span class='ocr_line' id='line_1_39' title="bbox 36 4335 1269 4424; baseline 0.008 -28"><span class='ocrx_word' id='word_1_336' title='bbox 36 4335 119 4404; x_wconf 75' lang='lat' dir='ltr'><strong>tetus</strong></span> <span class='ocrx_word' id='word_1_337' title='bbox 144 4339 224 4404; x_wconf 88' lang='lat' dir='ltr'><strong>huic</strong></span> <span class='ocrx_word' id='word_1_338' title='bbox 246 4337 307 4402; x_wconf 90' lang='lat' dir='ltr'><strong>iuri</strong></span> <span class='ocrx_word' id='word_1_339' title='bbox 330 4355 384 4402; x_wconf 89' lang='lat' dir='ltr'><strong>suo</strong></span> <span class='ocrx_word' id='word_1_340' title='bbox 404 4335 598 4414; x_wconf 88' lang='lat' dir='ltr'><strong>renuntiare,</strong></span> <span class='ocrx_word' id='word_1_341' title='bbox 628 4337 661 4402; x_wconf 86' lang='lat' dir='ltr'><strong>et</strong></span> <span class='ocrx_word' id='word_1_342' title='bbox 682 4335 709 4401; x_wconf 85' lang='lat' dir='ltr'><strong>si</strong></span> <span class='ocrx_word' id='word_1_343' title='bbox 732 4337 853 4422; x_wconf 88' lang='lat' dir='ltr'><strong>potest,</strong></span> <span class='ocrx_word' id='word_1_344' title='bbox 886 4339 972 4403; x_wconf 89' lang='lat' dir='ltr'><strong>estne</strong></span> <span class='ocrx_word' id='word_1_345' title='bbox 1000 4338 1148 4405; x_wconf 89' lang='lat' dir='ltr'><strong>dicendus</strong></span> <span class='ocrx_word' id='word_1_346' title='bbox 1167 4339 1269 4424; x_wconf 90' lang='lat' dir='ltr'><strong>reipsa</strong></span> 
     </span>
     <span class='ocr_line' id='line_1_40' title="bbox 37 4439 1267 4521; baseline 0.003 -15"><span class='ocrx_word' id='word_1_347' title='bbox 37 4444 233 4510; x_wconf 76' lang='lat' dir='ltr'><strong>muntiare?</strong></span> <span class='ocrx_word' id='word_1_348' title='bbox 277 4439 365 4521; x_wconf 79' lang='lat' dir='ltr'><strong>Quod</strong></span> <span class='ocrx_word' id='word_1_349' title='bbox 388 4459 459 4505; x_wconf 89' lang='lat' dir='ltr'><strong>sane</strong></span> <span class='ocrx_word' id='word_1_350' title='bbox 483 4439 614 4506; x_wconf 87' lang='lat' dir='ltr'><strong>videtur.</strong></span> <span class='ocrx_word' id='word_1_351' title='bbox 660 4439 743 4506; x_wconf 85' lang='lat' dir='ltr'><strong>Nam</strong></span> <span class='ocrx_word' id='word_1_352' title='bbox 768 4441 793 4506; x_wconf 91' lang='lat' dir='ltr'><strong>si</strong></span> <span class='ocrx_word' id='word_1_353' title='bbox 825 4440 872 4506; x_wconf 85' lang='lat' dir='ltr'><strong>tas</strong></span> <span class='ocrx_word' id='word_1_354' title='bbox 899 4444 948 4507; x_wconf 90' lang='lat' dir='ltr'><strong>est</strong></span> <span class='ocrx_word' id='word_1_355' title='bbox 970 4441 1049 4508; x_wconf 92' lang='lat' dir='ltr'><strong>bauo</strong></span> <span class='ocrx_word' id='word_1_356' title='bbox 1071 4443 1267 4510; x_wconf 82' lang='lat' dir='ltr'><strong>existentiam</strong></span> 
     </span>
    </p>
   </div>
   <div class='ocr_carea' id='block_1_4' title="bbox 124 4649 476 4726">
    <p class='ocr_par' dir='ltr' id='par_1_11' title="bbox 124 4649 476 4726">
     <span class='ocr_line' id='line_1_41' title="bbox 124 4649 476 4726; baseline -0.017 -14"><span class='ocrx_word' id='word_1_357' title='bbox 124 4657 151 4726; x_wconf 89' lang='lat'><strong>1)</strong></span> <span class='ocrx_word' id='word_1_358' title='bbox 172 4655 192 4710; x_wconf 92' lang='lat' dir='ltr'><strong>l.</strong></span> <span class='ocrx_word' id='word_1_359' title='bbox 211 4669 236 4709; x_wconf 87' lang='lat' dir='ltr'><strong>c.</strong></span> <span class='ocrx_word' id='word_1_360' title='bbox 257 4651 310 4707; x_wconf 91' lang='lat' dir='ltr'><strong>vol.</strong></span> <span class='ocrx_word' id='word_1_361' title='bbox 330 4649 353 4706; x_wconf 89' lang='lat'><strong>1.</strong></span> <span class='ocrx_word' id='word_1_362' title='bbox 371 4667 396 4706; x_wconf 89' lang='lat' dir='ltr'><strong>n.</strong></span> <span class='ocrx_word' id='word_1_363' title='bbox 416 4649 476 4706; x_wconf 75' lang='lat'><strong>848.</strong></span> 
     </span>
    </p>
   </div>
   <div class='ocr_carea' id='block_1_5' title="bbox 0 0 1580 5204">
    <p class='ocr_par' dir='ltr' id='par_1_12' title="bbox 0 0 1580 5204">
     <span class='ocr_line' id='line_1_42' title="bbox 0 0 1580 5204; baseline 0 0"><span class='ocrx_word' id='word_1_364' title='bbox 0 0 1580 5204; x_wconf 95' lang='lat' dir='ltr'><strong> </strong></span> 
     </span>
    </p>
   </div>
  </div>
 </body>
</html>
