3142 5204
291 298 343 362 '26
482 313 694 378 Hctdcnrcict,
717 313 796 368 Dies.
813 315 849 369 toa
867 325 928 368 cos.
946 305 1002 368 uit.
1019 313 1116 368 ronst.
1137 313 1241 382 Apost.
1261 309 1355 369 Sedis.

404 485 492 568 Quod
514 483 628 551 attinet
650 484 689 549 ad
712 484 888 550 libertatem
915 484 1133 550 scientiarum:
1166 484 1331 568 respondeo
1362 483 1545 564 dicendum,

299 591 380 676 quod
404 589 461 655 hoc
483 591 585 672 potest
604 589 715 672 duplex
738 587 882 672 intelligi,
902 607 1020 672 nempe,
1047 589 1080 652 1ο
1100 607 1221 654 omnem
1243 588 1404 653 scientiam
1427 587 1544 653 dehere

301 714 337 759 ex
358 694 422 758 suis
445 692 574 776 propriis
594 692 752 776 principiis
772 694 804 757 et
825 691 948 776 propria
971 691 1116 758 methodo
1140 693 1300 775 proticisci,
1325 695 1356 757 et
1379 693 1415 756 2⁰
1438 693 1545 757 scien·

300 799 378 864 tiam
409 815 495 882 posse
528 797 678 880 principia
709 796 780 860 fidei
815 795 1002 861 christianae
1036 797 1160 862 omnino
1196 797 1376 880 negligere,
1411 796 1544 880 eiusque

208 935 210 939 ·
301 900 456 967 doctrinas
478 901 512 966 in
531 898 659 964 dubium
683 918 806 978 vocare,
837 899 1010 983 quinimo,
1044 900 1251 965 conslusionss
1274 900 1396 965 divinae
1420 900 1545 964 revela·

299 1006 377 1071 tioni
401 1005 571 1070 contrarias
593 1005 684 1087 prout
704 1022 792 1068 veras
815 1005 918 1068 tenere
941 1003 1199 1085 tractandumque
1222 1022 1288 1068 esse
1313 1003 1399 1068 nulla
1430 1023 1544 1087 super-

301 1109 452 1175 naturalis
475 1108 671 1174 revelationis
693 1107 800 1172 habita
822 1106 940 1172 ratione
953 1109 986 1190 ¹).

404 1229 492 1313 Quod
515 1228 629 1294 attinet
649 1228 687 1294 ad
708 1230 838 1312 priorem
860 1227 1110 1311 postulationem,
1131 1247 1218 1293 nemo
1242 1231 1298 1306 est,
1322 1248 1412 1312 quem
1438 1229 1544 1312 lugiat

301 1355 370 1400 eam
389 1334 565 1399 libertatem
584 1333 667 1398 omni
683 1332 882 1398 scientiarum
899 1333 1003 1416 generi
1021 1331 1236 1398 vindicandam
1252 1351 1328 1412 esse,
1345 1332 1426 1416 quod
1444 1333 1541 1398 ctiam

302 1437 381 1504 Piae
403 1438 469 1504 ΙΧ.
493 1438 686 1516 asseruit2t:
713 1436 837 1520 »Ipsam
860 1431 1100 1520 (philosophiam
1121 1437 1222 1521 aiunt)
1246 1455 1404 1521 uunquam
1428 1437 1542 1502 dehere

301 1562 337 1608 ac
360 1560 447 1627 posse
469 1541 651 1608 auctoritati
671 1559 703 1606 so
726 1541 892 1606 subiicere:
916 1540 1003 1622 Quod
1026 1542 1108 1607 esset
1129 1541 1323 1606 tolerandum
1340 1544 1373 1608 ct
1388 1543 1470 1608 forts
1486 1544 1552 1606 ade

301 1646 498 1724 mittendam,
521 1645 548 1709 si
571 1645 648 1710 haec
669 1644 822 1710 diceretur
837 1644 875 1709 dc
891 1645 958 1709 iure
977 1647 1110 1724 tantam,
1132 1645 1213 1728 quod
1234 1647 1328 1712 hahet
1343 1647 1542 1731 philosophia

300 1750 364 1816 suis
387 1748 545 1834 principiis
568 1767 621 1815 seu
642 1749 786 1814 methodo
807 1767 843 1812 ae
864 1749 929 1812 suis
952 1749 1199 1814 conclusionibus
1222 1750 1268 1814 uti
1295 1751 1376 1816 sicut
1399 1755 1433 1817 et
1460 1749 1552 1818 aliae?

301 1854 467 1932 scientiae,
497 1872 533 1919 ac
555 1852 582 1920 si
605 1852 670 1918 eius
693 1852 823 1918 libertas
846 1853 1028 1918 consisteret
1049 1853 1082 1917 in
1105 1852 1162 1918 hoc
1184 1854 1250 1919 iure
1273 1855 1404 1933 utendo,
1437 1857 1485 1921 ita
1508 1853 1552 1920 at*

301 1957 380 2022 nihil
402 1957 434 2023 in
456 1975 489 2022 se
512 1956 710 2036 admitteret,
745 1955 826 2039 quod
860 1975 918 2022 non
953 1955 1050 2022 fuerit
1072 1957 1111 2021 ab
1134 1957 1202 2040 ipsa
1224 1957 1288 2022 sais
1310 1959 1540 2024 conditionibus

302 2061 487 2144 acquisitum
519 2061 573 2126 aut
605 2059 699 2126 fuerit
728 2059 788 2142 ipsi
810 2060 1013 2144 alienamus<
1061 2059 1231 2126 Concilium
1256 2062 1445 2128 Vaticanum
1471 2061 1552 2129 con-³

301 2163 438 2231 firmavit
445 2166 492 2250 ⁴):
519 2163 728 2247 »Quapropter
744 2165 865 2229 tantum
882 2163 978 2244 abest,
996 2165 1032 2228 ut
1049 2163 1184 2230 Ecclesia
1199 2164 1405 2232 humanarum
1422 2165 1552 2232 artium*

301 2269 334 2334 et
356 2267 589 2352 disciplinarum
612 2267 753 2334 culturae
775 2267 908 2333 obsistat
935 2322 942 2335 .
966 2319 973 2334 .
999 2317 1035 2333 ..
1069 2268 1134 2334 Nec
1163 2287 1237 2333 sane
1266 2270 1333 2353 ipsa
1364 2273 1470 2350 vetat,
1502 2292 1540 2337 ne

302 2363 478 2439 huiusmodi
500 2370 683 2455 disciplinae
705 2372 737 2436 in
760 2390 814 2436 suo
837 2391 976 2457 quaeque
999 2371 1120 2439 ambitu
1143 2373 1273 2456 propriis
1295 2375 1427 2440 utantur
1450 2377 1552 2458 prin-³

301 2475 390 2560 cipiis
412 2478 445 2541 et
468 2477 589 2560 propria
613 2475 772 2570 methodo,
796 2474 848 2540 sed
872 2475 987 2542 iustam
1011 2476 1090 2543 hauc
1111 2475 1289 2542 libertatem
1312 2496 1483 2563 agnoscens
1507 2479 1548 2543 id

301 2579 408 2646 sedulo
428 2581 527 2658 cavet,
553 2600 589 2644 ne
608 2579 731 2645 divinae
751 2579 907 2644 doctrinae
923 2579 1121 2666 repugnando
1138 2599 1256 2646 errores
1270 2581 1302 2644 in
1318 2600 1350 2646 se
1366 2583 1537 2665 suscipiant

300 2685 357 2748 aut
375 2684 451 2750 lines
472 2684 610 2767 proprios
630 2686 841 2768 transgressae
863 2701 908 2763 ea,
932 2703 1011 2766 quae
1032 2685 1106 2749 sunt
1128 2683 1212 2764 fidei,
1239 2689 1390 2768 occupent
1413 2688 1445 2753 et
1469 2693 1552 2769 per-³

300 2787 455 2854 turbent«
1547 2795 1552 2810 “

402 2909 496 2974 Hisce
519 2909 620 2975 verbis
643 2908 758 2977 Concil.
783 2907 885 2978 Vatis.
910 2910 972 2975 iam
995 2908 1167 2976 diiudicata
1197 2912 1245 2976 est
1276 2910 1376 2976 altera
1406 2906 1552 2978 libertast

299 3013 447 3079 scientiae
468 3001 639 3091 attributa,
664 3014 711 3078 uti
733 3017 764 3079 et
786 3015 984 3098 expresse⁶):
1022 3014 1067 3077 »si
1094 3014 1164 3098 quis
1196 3015 1324 3094 dixerit,
1357 3005 1552 3100 disciplinas*

300 3117 451 3183 humanas
474 3136 509 3183 ea
532 3136 602 3182 cum
622 3117 767 3186 libertate
786 3117 965 3183 tractandas
982 3136 1058 3196 esse,
1077 3120 1113 3184 ut
1135 3137 1240 3183 aarum
1257 3120 1454 3200 assertiones,
1478 3120 1549 3200 etsi?

299 3221 456 3287 doctrinae
478 3221 633 3286 revelatae
656 3221 874 3302 adversentur,
899 3223 1060 3305 tamquam
1092 3240 1181 3288 verae
1204 3223 1344 3303 retineri,
1377 3243 1477 3308 neque
1497 3219 1547 3289 ab*

289 3324 454 3390 Ecclesiae
479 3325 628 3408 proscribi
650 3343 755 3409 posse:
779 3345 806 3390 a.
831 3344 875 3392 s«
902 3326 1100 3390 Auctoritate
1132 3343 1189 3391 sua
1221 3327 1360 3392 llcclesia
1392 3303 1552 3408 sancivit,³

298 3429 378 3511 quod
403 3429 484 3494 idem
503 3428 579 3494 Pius
599 3430 660 3494 iam
682 3429 846 3513 epistolait
869 3429 1143 3513 pronuntiaverat:
1179 3432 1338 3513 »quamvis
1369 3433 1453 3497 enim
1484 3429 1552 3496 ner-l

299 3532 414 3597 turales
436 3532 511 3597 illae
531 3533 711 3616 disciplinae
734 3533 798 3599 suis
823 3533 954 3616 propriis
988 3533 1105 3598 ratione
1138 3533 1272 3618 cognitis
1300 3535 1460 3618 principiis
1491 3529 1547 3598 ni·'·

298 3637 422 3714 tantur,
453 3637 597 3702 catholici
620 3637 724 3702 tamen
750 3655 856 3702 earum
879 3638 1013 3702 cultores
1036 3637 1173 3702 divinam
1196 3639 1416 3705 revelationem
1441 3637 1552 3704 velatil

299 3740 458 3804 rectricem
481 3739 606 3805 stellam
636 3759 707 3822 prae
736 3740 832 3805 oculis
866 3740 999 3805 habeant
1030 3742 1168 3824 oportet,
1202 3761 1263 3825 qua
1293 3743 1490 3824 praelucente
1519 3725 1552 3806 al

297 3843 432 3927 syrtibus
456 3845 487 3909 et
509 3844 663 3910 erroribus
683 3847 829 3922 caveant,
862 3843 914 3908 ubi
937 3845 969 3908 in
992 3845 1055 3909 suis
1078 3845 1371 3930 investigationibus
1395 3850 1427 3910 et
1451 3827 1552 3912 eom-3

298 3947 539 4012 mentationibus
562 3947 830 4025 animadvertant,
861 3965 947 4029 posse
969 3967 1002 4013 se
1024 3948 1088 4013 illis
1108 3949 1220 4013 adduci
1243 3998 1250 4014 .
1275 3999 1281 4012 .
1307 3999 1315 4016 .
1339 3949 1378 4013 ad
1402 3969 1439 4015 ea
1462 3947 1552 4032 pro-l

402 4191 429 4258 1)
447 4189 481 4245 of.
501 4188 601 4260 Syllah.
620 4188 815 4261 prop.ll,12,
834 4190 875 4244 la.

399 4276 426 4343 2)
444 4276 472 4330 1ιι
491 4275 605 4345 epistola
623 4275 657 4333 ad
677 4275 799 4344 hrchiep.
817 4275 921 4334 hlonac.
940 4276 966 4331 d.
977 4277 1002 4333 d.
1022 4278 1063 4333 ll.
1083 4279 1145 4334 Deo.
1168 4279 1242 4336 1862.

400 4363 427 4430 3)
445 4362 478 4417 ci.
496 4363 579 4417 etiam
598 4363 676 4432 epist.
693 4362 756 4417 d.d.
775 4362 818 4418 81.
838 4363 901 4418 Dec.
920 4363 997 4419 1863.

357 4439 360 4447 '
399 4447 427 4516 l)
445 4443 636 4517 sess.111.'op.
655 4449 702 4504 lv.
721 4449 753 4503 de
771 4449 824 4503 lide
845 4454 873 4503 et
891 4451 1004 4506 ratione.

401 4533 428 4602 5)
446 4548 504 4589 ean.
522 4535 540 4590 2
557 4534 576 4589 l.
592 4551 614 4590 c.

400 4619 428 4691 ὃ)
446 4620 508 4676 dd
526 4621 568 4676 al.
586 4622 649 4680 Dee.
670 4622 747 4680 186³.
