3142 5204
470 319 690 395 unanimam
708 323 862 379 ecclesius.
1245 305 1288 372 25

33 499 79 566 sed
106 500 147 564 B.
172 497 317 564 Marium
343 494 502 580 Virginem
530 493 629 576 ipsam
660 495 790 560 constat.
836 495 990 560 lndirecte
1023 514 1096 578 ergo
1123 495 1289 560 infallibile

33 604 198 670 Ecclesiae
225 599 443 684 magisterium
467 598 578 675 sanxit,
599 599 749 682 inprime
772 599 903 664 instanti
935 599 1140 683 conceptionis
1167 599 1287 664 infundi

33 709 150 774 homini
174 725 260 773 novo
283 705 421 770 animam
450 702 654 780 rationalem,
685 723 754 768 curn
786 706 910 786 praeter
945 705 1223 788 praeservationem
1253 705 1286 771 B.

34 815 67 879 ll.
88 815 130 877 V.
161 811 336 894 apeccato
357 807 501 891 originali
525 807 602 872 nilril
627 807 710 872 uliud
735 808 846 874 ruinam
874 810 916 872 sit
941 810 973 874 in
1001 809 1067 874 eius
1090 809 1288 892 conceptione

34 938 170 1002 passura.

133 1021 216 1088 Non
241 1019 377 1084 alienum
402 1015 478 1080 milri
502 1016 624 1082 videtur
646 1016 763 1096 afferre,
788 1017 867 1100 quod
891 1017 1053 1084 delinitum
1078 1019 1126 1083 est
1148 1017 1185 1084 (le
1207 1017 1287 1082 rela-

33 1131 109 1194 tione
135 1125 271 1192 animae
287 1123 319 1187 et
335 1121 479 1204 corporis.
505 1120 620 1188 Concil.
647 1120 817 1186 viennense
844 1121 1045 1199 »doctrinam
1069 1123 1239 1187 vertentem
1255 1121 1285 1186 in

34 1233 186 1309 dubium,
222 1227 302 1311 quod
323 1223 500 1291 substantia
522 1225 645 1290 animae
667 1224 827 1290 rationalis
850 1245 902 1290 seu
930 1226 1139 1291 intellectione
1160 1245 1229 1292 vere
1252 1245 1288 1292 ao

7 1367 8 1398 l
35 1358 82 1420 per
107 1355 148 1400 se
175 1330 308 1397 humani
331 1329 465 1413 corporis
486 1330 528 1394 sit
550 1329 669 1407 formu,
697 1331 782 1395 velut
809 1349 950 1396 eroneam
974 1349 1010 1395 ao
1034 1331 1158 1396 veritati
1180 1331 1288 1396 catho-

33 1443 105 1506 licae
131 1436 323 1504 inimicam«
351 1489 357 1502 .
382 1485 389 1500 .
415 1487 422 1500 .
447 1434 624 1517 reprobavit
638 1439 672 1514 ¹).

137 1543 359 1608 Lateranense
383 1539 418 1604 V.
443 1540 546 1604 sanxit
580 1539 667 1604 »Hoc
689 1557 775 1604 sacro
798 1539 987 1621 approbante
1008 1539 1136 1604 concilio
1159 1539 1287 1604 damna·

34 1670 95 1715 nus
121 1651 163 1712 et
188 1645 389 1729 reprobamus
412 1663 517 1710 omnes
535 1644 713 1720 asserentes,
735 1643 868 1708 animaru
886 1643 1109 1708 intellectivam
1127 1644 1287 1710 mortalem

35 1775 93 1820 esse
120 1805 130 1822 .
163 1802 170 1816 .
198 1800 218 1826 .,
243 1769 314 1814 cnm
337 1748 392 1813 illa
416 1799 423 1814 .
448 1798 455 1813 .
481 1798 490 1816 .
515 1767 584 1814 vere
604 1765 658 1831 per
680 1767 713 1814 se
728 1750 760 1814 et
778 1747 987 1814 essentialiter
1007 1749 1134 1814 brumani
1154 1749 1288 1830 corporis

37 1861 136 1924 lorma
164 1855 282 1922 existat
291 1854 346 1936 ’).«

145 1959 268 2025 Deinde
294 1958 367 2022 Pius
393 1958 475 2040 Papa
499 1956 552 2022 lX.
576 1957 664 2021 Brevi
690 1957 727 2020 de
750 1957 837 2022 libris
860 1960 892 2022 et
913 1958 1054 2024 doctrina
1077 1959 1230 2024 (liutheri
1247 1959 1285 2022 ad

38 2065 202 2132 tardinal.
232 2061 412 2143 archiepisc.
444 2061 547 2127 Colon.
579 2060 608 2127 d.
635 2061 686 2128 15.
707 2061 780 2128 Jun.
808 2062 888 2127 1857
917 2064 1060 2146 scripsit:
1094 2062 1288 2141 »Nescimus

38 2171 156 2236 eisdem
191 2167 281 2231 libris
308 2165 389 2230 laedi
420 2165 605 2230 catholicam
628 2167 813 2230 sententiam
838 2185 874 2231 ac
897 2167 1068 2233 doctrinam
1093 2167 1131 2232 de
1155 2168 1287 2244 bomine,

37 2277 84 2360 qui
111 2291 247 2356 corpore
270 2273 303 2336 et
325 2270 427 2334 anirna
449 2270 495 2335 ita
515 2269 709 2345 absolvatur,
740 2271 775 2335 nt
802 2271 906 2336 anima
937 2291 1032 2354 eaque
1062 2271 1224 2336 rationalis
1246 2271 1289 2336 sit

37 2400 107 2444 vera
133 2381 169 2444 et
193 2394 250 2460 per
271 2394 305 2440 ee
328 2376 421 2458 atque
441 2374 623 2440 immediata
645 2375 779 2457 corporis
802 2375 955 2461 torma³)‹
983 2429 989 2443 ‚
1014 2426 1021 2441 .
1057 2375 1173 2441 Anima
1193 2375 1288 2441 ratio·

39 2485 118 2550 nelis
144 2483 199 2547 ost
222 2480 323 2564 igitur
343 2479 439 2544 forma
463 2478 677 2544 substantialis
700 2479 832 2563 corporis
851 2480 986 2546 humani.
1017 2479 1097 2562 Quid
1119 2481 1166 2545 ost
1188 2479 1288 2546 forma

39 2583 288 2654 substantialis?
314 2583 428 2650 Forma
450 2582 664 2652 substantialis
685 2583 827 2666 producit
849 2603 902 2649 ens
926 2585 956 2650 in
981 2604 1036 2649 sno
1052 2603 1126 2660 esse,
1150 2583 1206 2650 dut
1222 2603 1288 2652 esse

39 2691 231 2777 simpliciter
253 2689 285 2753 et
307 2687 375 2753 ideo
398 2707 453 2771 per
473 2689 539 2752 eius
559 2687 726 2752 adventum
751 2688 865 2753 dicitur
886 2689 1001 2774 aliquid
1024 2689 1208 2772 simpliciter
1231 2708 1286 2773 ga·

39 2797 141 2862 uereri
166 2797 201 2862 et
225 2812 279 2876 per
301 2793 366 2858 eins
389 2811 541 2858 recessum
563 2792 746 2874 simpliciter
768 2795 919 2877 corrumpi
933 2796 971 2878 ⁴).

143 2901 260 2965 Forma
283 2897 483 2962 substantiali
507 2897 597 2961 bomo
629 2896 665 2961 lit
695 2917 748 2960 ens
780 2901 871 2974 actu;
907 2917 961 2963 ene
995 2899 1067 2963 actu
1102 2900 1205 2964 antem
1240 2901 1288 2963 est

39 3007 141 3072 loetne
164 3023 202 3070 er
225 3001 432 3083 conceptione,
457 3019 516 3066 non
540 3020 611 3084 pars
635 3001 754 3068 matris.
799 3003 878 3086 llrgo
900 3003 992 3068 horno
1011 3003 1043 3066 in
1067 3003 1199 3068 instanti
1216 3021 1288 3067 con·

39 3109 194 3194 ceptionis
217 3105 330 3189 recipit
352 3105 481 3172 formam
504 3125 592 3170 suam
617 3106 845 3181 inlonnanten,
870 3107 950 3190 quod
973 3107 1068 3172 etiarn
1093 3108 1234 3190 sequitur
1253 3126 1287 3171 es

39 3215 205 3287 axiomata,
223 3211 288 3276 fieri
306 3211 446 3292 seqnitur
461 3229 536 3288 esse,
553 3213 585 3275 et
597 3210 662 3275 vice
675 3230 773 3288 versa,
791 3211 870 3275 unde
883 3212 1059 3294 Grepom'ns
1073 3213 1287 3296 Nysaeaersb:

42 3320 131 3402 »lpse
155 3315 309 3400 (animus)
333 3315 391 3380 sibi
416 3315 453 3379 de
476 3316 608 3380 materia
629 3314 661 3378 in
686 3316 754 3380 alvo
785 3316 895 3380 matris
927 3316 1066 3399 deposita
1097 3316 1287 3382 domicilium

41 3422 245 3508 aptissimum
270 3470 276 3484 .
302 3469 310 3487 .
332 3471 339 3486 .
360 3419 561 3505 fabricavi«

470 3595 623 3662 Rationes
644 3595 862 3678 maculatione.

145 3735 369 3818 Proposuimus
391 3737 423 3800 et
445 3736 573 3818 probare
596 3735 699 3801 conati
729 3755 835 3800 sumus
857 3735 993 3802 thesim:
1026 3736 1160 3802 »Anima
1190 3736 1286 3802 ratio·

44 3843 119 3908 nalis
142 3839 319 3906 infunditur
341 3838 435 3904 foetui
458 3839 489 3903 in
513 3839 611 3922 primo
634 3839 764 3904 instanti
787 3840 1031 3922 conceptionis,‹
1066 3859 1126 3906 non
1154 3840 1287 3905 diximus

45 3963 355 3979 —.—--—-—-

146 4017 175 4074 ll
198 4016 299 4078 Decea„
317 4012 336 4067 l.
355 4029 376 4067 c.
396 4030 422 4068 n.
439 4014 500 4068 409.

145 4102 176 4170 2)
199 4103 300 4164 Deua,
321 4099 340 4154 l.
359 4116 381 4156 c.
400 4117 424 4155 n.
444 4100 503 4154 621.

146 4187 177 4256 3)
199 4189 301 4253 Dema,
320 4203 346 4240 u.
367 4186 442 4241 1509.

146 4275 176 4346 4)
197 4275 302 4332 Titum.
322 4274 345 4327 l.
364 4290 388 4344 q.
407 4272 528 4329 LXXVI.
549 4289 572 4328 a.
592 4275 618 4328 4.

145 4363 175 4432 5)
192 4363 212 4418 l.
231 4375 313 4428 snpra
331 4375 353 4413 c.

145 4449 174 4520 a)
193 4446 271 4518 Quod
291 4446 409 4516 pertinet
426 4445 460 4502 ad
477 4446 580 4516 praxim
598 4445 740 4508 eeclesiae,
760 4461 791 4500 ex
807 4447 947 4514 praecepto
965 4462 1055 4501 omnes
1069 4446 1185 4503 abortivi
1197 4447 1288 4518 bapti·

49 4540 118 4595 randi
142 4539 208 4594 nunt
232 4549 392 4606 quocunque
410 4535 531 4602 ternpore
549 4531 751 4602 praegnationis
769 4549 800 4586 ex
818 4532 914 4586 matris
934 4535 1010 4587 utero
1027 4532 1168 4590 eiiciantur
1187 4535 1286 4592 saltem

50 4627 90 4681 rub
108 4624 279 4690 conditione,
302 4619 445 4676 dummodo
464 4637 516 4676 non
533 4621 633 4692 agatur
652 4619 685 4674 de
706 4618 789 4676 cruda
809 4635 896 4674 massa
914 4635 1018 4677 carnee.
1052 4621 1092 4678 cf.
1109 4620 1220 4678 Rituale
1237 4622 1290 4680 Ro·

51 4729 158 4770 Ullum.
