3142 5204
306 307 347 375 60
490 329 698 394 Heidenreo'cb,
720 329 802 384 Diae.
820 332 856 384 in
874 345 934 384 cna.
953 328 1009 384 ull.
1026 331 1123 384 conat.
1144 327 1247 396 Aponi.
1267 323 1361 382 Sedis.

305 500 442 583 ceptione
466 501 572 566 tutari.
605 501 720 566 Deinde
739 501 896 583 Roeder1)
919 502 1003 567 recte
1024 499 1169 567 adnotat:
1197 498 1324 563 »luctui
1340 517 1414 563 sane
1432 517 1495 563 nou
1524 496 1558 562 in

305 604 353 668 est
375 604 432 681 ins,
456 606 491 668 ut
515 609 613 669 mater·
637 606 735 669 foetus
758 603 897 669 salvandi
917 624 1010 671 causa
1025 623 1057 669 sc
1073 604 1171 686 ipsam
1187 602 1317 679 occidar,
1337 621 1434 684 usqne
1453 601 1559 666 matri

303 705 392 772 adest
414 707 463 772 ius
484 709 532 772 sui
556 709 695 773 salvandi
719 727 812 772 caiisa
834 708 1044 791 permittendi,
1059 711 1103 792 ¹ut
1123 708 1221 772 foetus
1241 705 1490 781 irrterliciatnr‹;
1523 707 1559 770 et

304 811 426 894 postea:
453 812 524 878 »lus
546 811 577 876 in
595 813 689 878 vitam
707 812 822 877 bomini
840 811 1070 877 attribuendum
1090 813 1137 876 est
1155 810 1287 893 aprime
1304 809 1386 875 vitae
1403 809 1559 892 germine

303 913 336 978 in
359 916 445 980 utero
471 915 578 980 matris
602 935 696 999 usque
720 916 758 979 ad
783 920 913 981 mortem
937 915 1110 980 naturalem
1132 915 1163 978 in
1188 913 1270 979 omni
1291 915 1377 978 statu
1394 913 1425 978 et
1442 914 1559 995 gradu

304 1019 336 1084 et
358 1017 531 1084 conditione
543 1021 597 1100 lt«
630 1021 669 1085 lli
690 1020 849 1102 Losson³)
874 1020 936 1084 ait:
964 1018 1149 1104 »Embrycni
1175 1036 1244 1083 vero
1268 1036 1333 1081 esse
1356 1036 1430 1100 erge
1454 1035 1559 1082 suam

304 1124 436 1188 matrem
464 1123 556 1187 sicuti
587 1142 661 1207 erga
695 1125 833 1206 quemvis
858 1123 985 1188 indubia
1007 1122 1075 1188 iura
1098 1122 1233 1186 bumana
1256 1121 1286 1185 in
1312 1120 1557 1204 permissionem

304 1225 485 1291 evolationis
505 1245 578 1290 snae
602 1246 696 1311 usque
717 1225 753 1290 nd
774 1229 896 1308 partum
913 1231 1097 1290 maturum«
1129 1225 1196 1308 lpse
1213 1225 1391 1308 Hormine
1414 1225 1556 1300 latetur,

307 1329 421 1395 »vitam
445 1349 503 1395 non
527 1349 592 1396 esse
617 1331 862 1413 ponderabilernr
889 1332 908 1398 i.
925 1348 961 1407 a,
986 1331 1083 1394 vitam
1106 1347 1166 1413 qua
1191 1328 1286 1393 vitam
1310 1347 1376 1394 esse
1399 1328 1557 1392 omnibus

304 1432 425 1517 aequali
448 1436 612 1500 momento.
656 1433 770 1515 Quodsi
794 1435 935 1511 infertur,
960 1433 1055 1500 vitam
1077 1432 1205 1500 iulantis
1227 1451 1292 1497 esse
1317 1431 1443 1496 minoris
1469 1451 1557 1514 pon-

304 1536 403 1614 deris,
432 1539 506 1621 quia
537 1538 646 1603 abortu
678 1538 723 1603 vel
749 1537 949 1603 craniotomia
970 1537 1083 1602 omissa
1110 1538 1200 1620 plane
1223 1535 1415 1612 destruatur,
1449 1555 1555 1617 quarn

238 1690 244 1702 .
303 1641 423 1720 metris,
446 1661 524 1725 qnae
547 1641 676 1706 tortasse
699 1643 798 1706 snivai
822 1643 918 1726 possit
940 1643 1059 1706 remota
1080 1659 1171 1705 eausa
1194 1638 1321 1723 periculi
1348 1639 1456 1703 matris
1478 1638 1500 1705 i.
1522 1661 1554 1706 e.

302 1746 400 1810 occiso
423 1745 557 1822 infante,
583 1746 828 1827 respondendum
850 1747 924 1828 puto
948 1745 1063 1810 nemini
1084 1745 1184 1809 dicere
1208 1743 1309 1817 licere,
1334 1743 1489 1808 hominem
1520 1764 1553 1810 v.

303 1867 348 1932 gr.
373 1849 457 1930 peste
479 1851 537 1914 etc.
562 1849 719 1927 intectum,
744 1851 794 1932 qui
818 1868 874 1913 non
899 1849 951 1913 uni
973 1851 1113 1926 tantum,
1135 1850 1187 1913 sed
1212 1847 1319 1911 multis
1340 1849 1470 1912 mortem
1495 1847 1554 1910 in-

303 1952 381 2016 ferre
404 1955 520 2036 potest,
545 1955 575 2018 et
598 1953 758 2018 illaturum
784 1953 951 2018 verisimile
977 1958 1025 2018 cst
1048 1954 1079 2018 ct
1102 1955 1185 2018 certe
1210 1953 1398 2034 periturum,
1430 1970 1554 2016 econ-

301 2054 388 2120 tinuo
411 2054 556 2133 occidere,
582 2075 618 2121 ne
643 2057 758 2122 homini
782 2056 938 2123 accedenti
961 2076 1055 2122 causa
1078 2055 1187 2122 mortis
1203 2055 1267 2122 lint.
1301 2055 1440 2121 Medium
1460 2054 1551 2120 enim

302 2178 458 2242 nunquam
481 2160 670 2225 instificetur
689 2161 748 2225 line
771 2160 935 2245 operantis.

408 2273 499 2338 Porro
530 2275 725 2351 contendere,
757 2273 849 2340 licere
881 2275 1024 2340 abortum
1046 2273 1199 2338 directum
1222 2272 1269 2337 uel
1293 2271 1548 2350 craniotonriam‚

302 2375 375 2457 quia
397 2377 481 2441 salus
504 2377 613 2442 matris
636 2397 670 2444 eo
694 2381 783 2461 parta
808 2379 943 2444 familiae
968 2377 1109 2461 perutilis
1131 2377 1194 2454 sit,
1224 2376 1370 2441 interitus
1394 2396 1411 2440 e
1435 2381 1551 2441 contra

301 2478 429 2543 infantis
452 2481 577 2546 minime
604 2481 771 2566 lugendus,
805 2483 950 2566 supponit
980 2481 1038 2546 etsi
1063 2480 1213 2564 implicite
1236 2483 1268 2544 et
1290 2478 1428 2562 deposcit
1452 2480 1546 2544 illam

301 2582 413 2648 falsam
435 2603 572 2650 normam
597 2586 628 2649 et
652 2586 791 2668 regulam
812 2587 938 2651 actuum
970 2585 1192 2662 humanorum,
1225 2603 1261 2648 en
1287 2603 1347 2667 qua
1379 2583 1548 2648 moralitas

302 2684 470 2768 dependeat
494 2707 527 2751 en
552 2689 690 2754 utilitate
713 2692 744 2756 et
768 2689 947 2767 necessario,
972 2690 1007 2753 ut
1028 2690 1118 2771 putat
1141 2688 1219 2772 quis,
1254 2687 1481 2752 commiscendo
1511 2691 1549 2752 et

301 2790 503 2856 convertendo
522 2793 726 2858 necessarium
747 2795 838 2877 atque
853 2793 939 2871 urile,
964 2795 995 2857 et
1011 2792 1132 2857 licitum
1149 2793 1241 2875 atque
1260 2791 1346 2868 utile,
1368 2792 1401 2857 et
1416 2791 1547 2856 licitum

301 2895 392 2975 atque
408 2892 529 2962 bonum.
554 2894 696 2961 Graviter·
712 2897 811 2980 igitur
822 2897 952 2962 adnotat
963 2899 1071 2960 auctor
1087 2896 1355 2978 »Disputationes«
1367 2893 1408 2978 ⁵):
1428 2896 1548 2961 »Absit

302 2997 336 3060 ut
359 2997 529 3062 christiana
552 2998 614 3075 lex,
645 3001 732 3065 cuins
755 3004 862 3066 auctor
885 3001 1100 3066 holocaustum
1123 3019 1154 3064 se
1178 3000 1253 3065 feeit
1275 3018 1327 3082 pro
1351 2999 1545 3078 bominibus,

300 3099 396 3164 talem
428 3101 597 3186 egoismum
633 3123 766 3186 unquam
800 3104 967 3187 approbet!
1017 3104 1110 3169 Sccns
1144 3103 1280 3168 sentiant
1308 3104 1401 3185 atque
1431 3107 1545 3185 agant,

300 3203 351 3285 qni
389 3207 508 3286 praeter
547 3206 640 3271 vitam
681 3207 881 3274 miserrimam
924 3207 1003 3272 hanc
1047 3206 1125 3271 nibil
1166 3205 1268 3272 sciunt
1310 3207 1342 3271 et
1375 3211 1544 3289 quaerunt.

300 3305 404 3387 Quoad
437 3328 508 3384 nos,
543 3310 598 3373 boc
628 3329 807 3392 persuasum
837 3312 986 3376 habemus
1017 3310 1136 3377 scilicet
1166 3313 1360 3394 prolaturum
1396 3311 1544 3376 societati

300 3411 399 3496 magis
417 3431 499 3488 esse,
523 3415 575 3496 qni
597 3415 741 3479 aeternae
761 3415 900 3480 iustitiae
924 3415 1073 3498 principia
1097 3415 1311 3496 potiusquam
1336 3413 1543 3495 temporalem

300 3514 396 3580 vitam
419 3515 539 3582 salvare
562 3518 725 3584 curaverit.
770 3519 855 3584 Scias
888 3518 993 3602 itaque
1021 3519 1227 3584 necessarium
1257 3519 1288 3580 ct
1311 3516 1433 3580 licitum
1462 3518 1545 3583 tnnc

188 3699 190 3704 Δ
297 3617 396 3683 solum
420 3621 565 3695 converti,
588 3621 639 3686 nbi
661 3622 696 3684 de
721 3623 876 3687 essentiali
899 3622 1157 3688 ultimohominis
1174 3621 1364 3705 inungitur,
1384 3623 1543 3702 quatenus

298 3721 404 3804 utique
427 3741 461 3788 ex
485 3741 520 3787 eo
543 3723 607 3806 ipso
631 3724 711 3808 quod
736 3726 871 3791 medinm
895 3726 1018 3811 aliquod
1045 3726 1247 3791 necessarium
1268 3726 1310 3788 ait
1326 3725 1363 3788 ad
1380 3727 1541 3792 aeternam

297 3825 431 3894 salntem
453 3828 716 3910 consequendum,
748 3830 779 3895 id
806 3830 967 3896 honestum
991 3833 1022 3895 et
1043 3830 1163 3897 licitum
1184 3831 1232 3895 est
1253 3830 1291 3894 ab
1315 3829 1458 3894 omuibus
1481 3829 1542 3896 ha-

401 4051 427 4120 l)
446 4053 465 4106 l.
484 4069 506 4108 c.
525 4054 576 4108 rol.
595 4053 617 4107 Ι.
636 4071 699 4123 pag.
718 4055 760 4109 23.

399 4139 426 4206 2)
445 4137 505 4193 Non
523 4139 616 4195 sileam
640 4141 752 4196 eundern
777 4144 913 4196 auctorem
936 4141 988 4196 sibi
1012 4143 1121 4212 ipsimet
1145 4140 1309 4197 contrarium
1332 4155 1396 4207 pag.
1419 4139 1452 4194 24
1476 4156 1539 4194 con·

296 4223 406 4279 tendere
423 4224 465 4279 ins
483 4225 571 4281 foetus
589 4227 617 4282 iu
636 4226 721 4282 lucern
741 4227 836 4282 edendi
855 4244 911 4284 esse
928 4228 1151 4292 conditionatum,
1169 4227 1265 4282 matris
1284 4226 1357 4280 ritae
1378 4224 1538 4282 subordina-

295 4314 362 4373 tum.
385 4313 415 4366 at
432 4329 495 4384 pag.
511 4313 545 4367 86
562 4313 728 4382 punitionem
748 4318 885 4370 cruentam
906 4315 1111 4386 magistratibus
1128 4315 1246 4370 adimere
1264 4315 1292 4367 et
1310 4316 1402 4368 tamen
1421 4329 1481 4382 pag.
1500 4315 1535 4368 23

294 4396 437 4453 concedere
455 4399 621 4456 abortionem
640 4418 670 4454 er
688 4400 830 4456 altioribus
849 4402 936 4457 causis
954 4402 1047 4458 licere!

399 4484 426 4552 3)
445 4487 463 4540 l,
481 4502 503 4540 c.
522 4503 584 4556 pag.
604 4487 662 4542 546.

399 4571 428 4640 4)
447 4573 465 4626 l.
482 4589 504 4628 c.
522 4588 586 4643 pag,
604 4571 645 4627 84.

399 4657 426 4727 5)
447 4659 481 4714 A.
502 4661 544 4726 ra,
562 4659 580 4714 l.
598 4676 622 4724 a
639 4677 701 4734 Ρη.
721 4661 780 4716 359.
