3142 5204
313 319 354 388 12
501 340 713 406 Heidenreieh,
735 340 814 396 Dies.
832 344 867 396 in
887 353 947 397 cos.
966 341 1019 396 uit.
1036 345 1132 398 const.
1150 341 1255 413 Aponi.
1276 338 1372 396 Sedis.

420 567 426 580 .
442 566 449 581 .
465 564 471 578 .
488 515 543 578 »3⁰
556 513 603 578 An
617 513 796 596 permittere
808 515 920 598 potest,
933 516 968 579 ut
979 513 1009 578 in
1023 531 1078 578 suo
1089 512 1260 580 Seminario
1271 514 1429 596 tanrqaam
1443 512 1558 594 proba

312 617 384 683 bilis
400 618 547 684 doceatur
563 619 778 685 nonnullorum
795 619 999 684 recentiorum
1017 618 1127 702 opinio,
1148 617 1228 701 qnod
1245 617 1339 681 liceat
1355 616 1514 681 infantem
1535 617 1558 679 ir

312 724 400 790 utero
422 723 532 789 matris
554 723 691 788 occidere
715 723 752 788 ad
777 726 906 788 matrem
932 723 1147 798 relevandem,
1180 721 1206 786 si
1230 722 1308 786 alias
1330 723 1431 786 mater
1454 724 1491 784 et
1517 721 1558 784 in

314 829 382 893 tans
402 828 533 912 perituri
555 829 657 904 sint;‹
689 828 933 912 respondebutur
960 827 1009 892 die
1031 829 1080 893 10.
1105 825 1285 892 Decembris
1308 825 1346 892 ei.
1370 845 1406 890 a:
1441 827 1558 908 »siqui

314 932 383 998 dem
400 932 529 998 tertium
546 951 614 998 cunr
639 933 682 998 sit
701 932 853 998 obiectum
873 933 1010 1016 plurium
1027 931 1221 1016 petitionum,
1242 951 1320 1013 qnae
1338 930 1377 994 ab
1394 930 1466 994 aliis
1485 949 1558 1012 quo

314 1056 372 1120 que
395 1035 567 1102 Ordinariis
590 1036 789 1102 transmissae
813 1038 901 1113 sunt,
938 1037 1040 1102 adbuc
1070 1055 1161 1119 penes
1186 1035 1369 1118 Supremam
1393 1035 1479 1098 hune
1506 1034 1558 1099 Or

317 1141 419 1206 dinem
443 1141 475 1206 iu
498 1141 610 1207 studiis
633 1143 708 1206 est«
756 1141 813 1206 Die
842 1143 944 1206 autem
978 1142 1029 1208 21.
1061 1141 1137 1206 Maii
1170 1141 1253 1204 1884
1283 1159 1318 1204 cx
1349 1138 1378 1206 S.
1403 1139 1438 1204 R.
1465 1137 1558 1205 etU

314 1245 519 1330 inquisitione
543 1245 779 1329 Archiepisccpo
802 1245 998 1329 lugdunensi
1019 1245 1076 1311 hec
1097 1263 1273 1329 responsum
1298 1246 1366 1310 est:
1392 1243 1558 1308 »amineo

314 1350 429 1415 tissimi
452 1351 488 1416 P.
513 1352 548 1415 P.
577 1369 696 1415 mecum
727 1350 924 1433 inquisitores
954 1349 1119 1414 Generales
1139 1351 1171 1414 in
1195 1347 1442 1431 Congregaticue
1466 1367 1558 1432 gene

316 1455 374 1520 rati
400 1455 508 1520 habita
530 1454 608 1519 feria
630 1455 683 1522 IV.
715 1455 764 1519 die
795 1456 845 1521 18.
877 1454 1009 1519 labentis
1040 1453 1116 1518 Maii
1147 1453 1185 1518 ad
1216 1473 1342 1518 examen
1374 1471 1558 1518 revocarem

315 1559 443 1624 dubium
475 1560 513 1625 ab
544 1559 722 1624 Eminentia
751 1561 806 1624 tua
836 1559 1046 1642 propositum:
1082 1558 1132 1622 An
1166 1564 1228 1623 tate
1261 1557 1360 1622 doceri
1393 1558 1498 1640 possit
1536 1559 1558 1624 ir

314 1663 428 1729 scholis
451 1662 630 1740 catholicis,
651 1664 770 1728 licitam
797 1683 862 1728 esse
885 1663 1092 1745 operationem
1116 1661 1342 1746 chirurgicum,
1374 1681 1468 1744 quarn
1497 1681 1558 1728 cra

314 1767 493 1834 nictomiam
518 1769 694 1851 appellant,
720 1768 842 1852 quando
862 1767 982 1832 scilicet
1005 1787 1041 1832 ea
1064 1767 1175 1832 omissa
1197 1767 1295 1830 mater
1318 1767 1349 1830 et
1372 1766 1458 1830 tilius
1479 1767 1558 1849 peri

315 1871 377 1937 turi
400 1873 473 1946 siut,
502 1891 538 1936 ea
563 1891 579 1936 c
602 1873 708 1937 contra
732 1872 866 1936 admissa
888 1871 1037 1936 salvanda
1059 1871 1101 1934 sit
1124 1873 1224 1935 mater
1245 1871 1365 1935 irrfaute
1387 1873 1558 1953 percantet

314 1976 363 2040 Aa
384 1976 527 2040 omnibus
550 1976 602 2042 diu
626 1977 657 2042 et
678 1977 798 2041 mature
819 1975 992 2058 perpensis,
1019 1975 1125 2039 habita
1149 1994 1268 2058 quoque
1298 1974 1417 2040 rationo
1441 1994 1558 2040 eorum

318 2099 396 2164 qnae
419 2081 531 2146 bacin
556 2101 588 2145 re
611 2101 629 2145 a
653 2080 760 2164 peritis
783 2079 944 2145 catholicis
967 2078 1039 2144 viris
1063 2079 1233 2161 conscripta
1258 2098 1293 2144 ac
1317 2079 1356 2144 ab
1381 2079 1558 2146 liminenti:

316 2186 371 2249 tua
393 2185 466 2250 buia
487 2185 724 2268 Congregationi
742 2184 923 2250 transmissa
939 2184 1021 2258 sunt,
1044 2183 1288 2266 respondendum
1305 2202 1370 2247 esse
1388 2182 1553 2248 duxerunt-

317 2290 397 2356 'Into
419 2290 524 2356 doceri
544 2311 608 2356 non
626 2311 748 2370 possm
783 2289 858 2353 Cum
877 2289 980 2352 autem
998 2287 1199 2352 craniotomia
1215 2287 1272 2351 etsi
1290 2307 1348 2353 uon
1366 2306 1438 2353 rvoce
1455 2291 1558 2352 taurea

314 2414 350 2459 re
373 2394 415 2460 sit
438 2393 574 2472 abortus,
598 2394 684 2460 illam
709 2394 741 2458 in
764 2394 869 2459 nostra
891 2392 1100 2476 disputatione
1124 2392 1331 2476 perstringere
1353 2391 1517 2456 debemus.

842 2619 955 2704 liaput
976 2618 1030 2686 Π.

578 2767 629 2834 De
650 2769 843 2834 animatione
858 2771 960 2847 foetare
981 2773 1055 2834 noia
1074 2767 1289 2849 praeambula.

426 2915 460 2979 In
485 2915 683 2982 diiudicanda
708 2917 795 3000 gravi
819 2915 1015 2999 quaestione,
1048 2935 1120 2995 num
1151 2915 1245 2980 liceat
1274 2934 1309 2979 ex
1339 2915 1440 2980 causis
1470 2917 1558 2992 certi

320 3020 557 3103 praegnantiam
568 3039 714 3103 personae
726 3021 1079 3104 aegraeinterrumpere,
1089 3021 1124 3088 ut
1134 3020 1234 3083 mater
1244 3019 1415 3098 adiuvetur,
1427 3023 1558 3086 maximi

318 3143 391 3190 sane
404 3123 499 3190 refert
512 3125 599 3202 scire,
621 3127 723 3189 utrum
739 3126 837 3190 toetrrs
859 3125 888 3188 in
912 3127 1000 3190 utero
1030 3125 1091 3188 iam
1116 3124 1269 3188 animatus
1293 3124 1334 3188 sit
1358 3124 1452 3206 idque
1470 3146 1488 3188 a
1509 3147 1558 3210 qur

317 3229 483 3302 momento,
509 3247 545 3292 an
564 3247 658 3293 novus
676 3230 764 3294 horno
781 3229 811 3293 in
826 3231 918 3311 partu
930 3229 985 3293 aut
996 3230 1065 3311 post
1078 3229 1199 3310 partum
1216 3229 1319 3291 anima
1332 3227 1479 3292 rationali
1500 3232 1558 3294 ani

320 3333 430 3397 matur.
468 3333 531 3407 Nos
550 3332 672 3416 quidem
697 3351 764 3398 cum
788 3333 887 3398 doctis
911 3332 1085 3397 homiuibus
1102 3331 1320 3396 recentioribus
1337 3335 1368 3396 et
1384 3331 1522 3398 medicis
1541 3356 1558 3400 e

319 3435 472 3519 theologis
485 3435 542 3501 boc
554 3437 714 3512 sentimus,
731 3439 761 3501 in
776 3439 842 3521 ipso
855 3438 1009 3501 momento
1022 3436 1228 3518 conceptionis
1241 3436 1409 3517 personalis
1422 3438 1558 3504 animan

319 3538 505 3604 rationalem
526 3559 545 3604 a
566 3540 631 3606 Deo
653 3541 750 3606 creari
772 3561 887 3623 ovoque
909 3540 1053 3605 muliebri
1076 3541 1191 3604 semine
1217 3539 1296 3603 uirili
1315 3540 1504 3604 foecundata
1523 3543 1556 3608 in

316 3643 414 3721 tundi,
438 3645 518 3728 qaod
540 3646 668 3728 probare
691 3645 884 3710 studebimus
904 3645 1055 3727 imprimis
1070 3663 1115 3723 eo,
1137 3643 1215 3726 quod
1233 3644 1374 3708 omnibus
1390 3662 1464 3708 saue
1480 3646 1558 3712 tem

317 3748 442 3829 poribus
465 3749 546 3815 docti
571 3750 643 3816 huic
663 3751 834 3815 sententiae
857 3749 1007 3824 faverunt,
1032 3748 1111 3830 quod
1131 3747 1238 3812 cadem
1259 3767 1326 3810 caru
1352 3746 1381 3811 S.
1399 3746 1558 3830 Scriptura

318 3852 480 3933 consentit,
506 3854 584 3937 quod
606 3874 641 3920 ex
657 3853 840 3938 quibusdam
858 3852 1030 3936 magisterii
1045 3851 1245 3916 ecclesiastici
1269 3851 1400 3915 decretis
1416 3869 1558 3938 consequ

318 3956 458 4035 videtur,
489 3957 619 4042 denique
648 3958 820 4024 rationibus
850 3954 1176 4042 logico-speculativis.
1231 3954 1350 4020 Deinde
1379 3956 1558 4040 praecipua

317 4061 383 4126 eius
414 4061 564 4145 opinionis
592 4063 778 4146 objectiones
800 4061 1016 4145 respiciemus,
1051 4059 1211 4124 universae
1248 4061 1353 4123 autern
1387 4061 1558 4142 quaestion

318 4166 442 4231 brevem
466 4166 642 4250 opinionum
665 4167 701 4232 de
722 4167 877 4232 momento
900 4164 1098 4230 animationis
1126 4163 1227 4227 iaetus
1258 4161 1359 4228 adhue
1383 4165 1558 4232 exortarun

318 4271 464 4356 synopsin
487 4271 731 4355 praemittemus.

585 4447 753 4530 opiniones
774 4451 884 4514 aoniae
906 4449 944 4513 de
966 4447 1156 4512 animatione
1176 4446 1286 4526 foetas.

424 4589 451 4653 1.
486 4586 621 4652 Reieotis
645 4586 836 4652 Pantheismi
861 4590 892 4653 et
915 4584 1132 4651 Materialismi
1161 4585 1331 4659 erroribus,
1355 4605 1486 4668 quorum
1517 4608 1558 4652 as

323 4691 424 4771 seclae
445 4690 537 4756 alteri
562 4690 714 4756 homiuem
738 4691 900 4772 deificant,
926 4689 1016 4756 alteri
1039 4691 1141 4754 autem
1167 4687 1297 4755 bestiam
1321 4689 1459 4767 faciunt,
1484 4692 1558 4756 sicu

537 4922 555 4981 t'
