3142 5204
313 371 461 456 dystensis
484 369 612 442 ulorlns
632 377 795 443 libidinosi
812 367 970 443 historica.
1245 355 1265 436 3

34 575 98 642 ‘quse
116 577 162 622 am
180 577 302 640 genera
319 559 476 623 bominum
493 579 637 624 unacum
655 559 840 624 infidelitate
856 563 887 624 et
906 559 1124 644 superstitione
1140 560 1266 626 ethnica

34 609 125 727 isitium
147 662 229 727 illud
254 663 411 728 ethnicum
435 663 561 728 rediisse
585 665 746 748 pluresque
768 665 800 728 iu
823 663 889 728 dies
913 665 1051 729 homines·
1074 665 1198 730 inficere
1221 665 1267 729 ri·

51 767 115 834 latur,
151 767 258 848 Quam
283 767 320 830 ad
346 785 408 831 rem
434 767 514 831 baud
538 768 601 832 scio
626 787 664 832 an
689 771 811 850 praeter
834 769 977 852 spiritum
998 768 1087 833 illum
1104 769 1264 834 hominum

52 874 118 934 uirus
137 872 349 935 christianum
373 871 505 936 multum
530 871 704 952 contulerit,
733 872 811 954 quod
838 872 928 938 multi
952 873 1000 937 vel
1018 873 1119 955 potius
1138 873 1262 956 plurimi

34 991 35 1006 ¹
51 975 125 1039 ueliei
137 975 294 1060 ejusmodi
307 975 507 1058 petitionibus
525 995 582 1040 uon
598 977 652 1052 ita,
673 979 708 1040 ut
723 979 854 1059 oportet,
871 976 1027 1042 obsistunt
1043 995 1140 1059 nequa
1156 996 1264 1060 operae

51 1083 145 1162 pretium
174 1081 241 1164 jam
272 1097 339 1144 esse
370 1079 488 1144 ducunt
513 1080 700 1158 deliberare,
736 1086 839 1144 utrum
862 1081 955 1146 liceat
978 1099 1074 1146 necne
1095 1081 1204 1164 quavis
1227 1082 1264 1146 de

51 1187 132 1249 stione
155 1203 272 1248 manus
293 1185 434 1268 ingerere
456 1183 486 1248 in
512 1185 627 1250 foetum
649 1185 680 1250 iu
704 1190 791 1250 utem
813 1186 931 1264 matris,
955 1185 1018 1251 imu
1039 1186 1141 1270 potius
1158 1205 1263 1270 opera·

51 1291 113 1352 tiones
135 1288 358 1364 medicinales,
387 1307 465 1372 quae
490 1292 618 1354 mortem
643 1291 742 1355 luctus
766 1289 894 1354 animati
922 1293 1006 1354 certo
1032 1290 1151 1370 ferunt,
1175 1309 1265 1374 saepe

50 1395 109 1456 stiam
130 1413 165 1457 er
191 1393 400 1457 mediocribus
424 1393 524 1457 carssis
547 1394 691 1458 horrestas
714 1413 779 1458 esse
800 1396 915 1459 temere
929 1395 1072 1459 videntur
1086 1413 1264 1478 supponere.

120 1501 225 1580 Atque
250 1498 345 1561 etiam
369 1517 386 1561 a
413 1497 566 1580 theologis
591 1499 786 1581 quaestiones
816 1499 853 1562 de
877 1499 987 1563 abortu
1010 1500 1042 1563 st
1064 1499 1266 1564 craniutomia

51 1603 277 1683 inspectantes
298 1601 380 1666 sarie
402 1601 590 1678 iudicantur.
622 1603 819 1686 Quamquam
835 1603 917 1667 enim
935 1622 1040 1668 omnes
1059 1603 1265 1681 consentiunt,

51 1709 128 1769 :etum
148 1706 330 1770 animatum
351 1706 416 1770 sine
439 1726 531 1770 causa
552 1706 719 1771 sufficienti
742 1727 898 1790 uunquam
916 1707 1031 1772 directe
1047 1707 1145 1772 occidi
1160 1707 1263 1786 licere,

51 1825 118 1874 suen
139 1810 194 1894 qui
219 1810 412 1892 theologiam
436 1811 581 1890 rnoralem
604 1812 733 1876 tradunt
757 1812 891 1875 multum
913 1812 1047 1878 interae
1075 1812 1260 1895 discrepant,

52 1919 118 1978 strum
146 1915 277 1979 omnino
309 1933 441 1998 unquam
474 1933 566 1978 causa
596 1915 638 1980 sit
666 1916 838 1996 sufficiens,
867 1935 902 1981 er
929 1935 990 2000 qua
1010 1953 1052 1962 -
1075 1915 1265 2000 baptismate

52 2020 114 2082 tatus
128 2020 270 2112 inuiam
288 2019 396 2082 matris
414 2021 519 2101 utique
536 2020 703 2102 praemisso
726 2057 763 2065 -
788 2021 989 2085 craniutomia
1009 2021 1058 2085 vel
1079 2006 1206 2085 abortus
1226 2057 1262 2066 -

52 2121 78 2184 tic
94 2141 176 2206 saepe
201 2123 300 2188 etiam
325 2143 384 2187 non
409 2124 576 2205 praemissu
595 2125 782 2206 baptismate
809 2161 845 2172 -
870 2143 940 2190 eum
957 2125 1078 2208 legibus
1096 2124 1265 2192 moralibus

52 2227 169 2291 unsiliari
195 2228 306 2311 possit.
341 2229 486 2292 Attamen
508 2229 577 2311 quis
600 2228 732 2312 negarit,
757 2248 861 2294 omues
881 2229 957 2294 istas
973 2230 1167 2313 quaestiones
1184 2229 1264 2293 mul-

52 2345 88 2394 am
108 2333 142 2397 ad
165 2333 268 2398 sitam
293 2351 452 2415 moresque
475 2333 633 2397 bominum
658 2334 820 2398 conferre?

119 2438 232 2521 Neque
254 2437 354 2501 oleum
380 2438 477 2520 igitur
501 2456 597 2521 neque
615 2456 736 2520 operam
761 2437 887 2520 perdere
911 2437 996 2502 nobis
1021 2437 1170 2513 videmur,
1195 2455 1265 2502 oum

52 2537 70 2602 le
86 2541 185 2606 abortu
211 2543 246 2605 et
269 2540 471 2606 craniutomia
493 2541 668 2625 compositis
692 2542 740 2620 iis,
764 2561 842 2624 quae
866 2561 884 2605 a
903 2541 1058 2626 theologis
1081 2542 1112 2606 et
1136 2541 1264 2606 medicis

51 2643 264 2711 :inuratioribus
288 2647 431 2708 accurate
453 2646 643 2729 investigata
666 2648 749 2724 sunt,
774 2665 866 2711 novas
890 2646 1054 2710 instituere
1069 2645 1264 2729 quaestiones

54 2765 170 2816 ‘uramur
214 2751 317 2831 Atque
341 2752 376 2814 ut
399 2751 497 2813 totam
523 2750 685 2814 materiam
709 2752 831 2833 penitus
855 2750 1035 2815 exhauriam
1059 2751 1192 2833 primum
1215 2749 1263 2812 bi·

52 2851 139 2918 miam
163 2855 296 2918 abortus
319 2859 350 2916 et
373 2855 591 2918 craniutomiae
615 2853 726 2918 leviter
749 2854 1018 2937 perstringendum
1038 2853 1114 2918 ruibi
1132 2853 1263 2930 ridetur,

54 2955 125 3021 triade
145 2957 377 3041 quaerendum,
403 2957 439 3020 de
462 2977 521 3040 quo
542 2960 577 3021 ut
597 2959 737 3041 subjecto
760 2959 791 3022 in
815 2958 961 3023 solvenda
984 2958 1163 3040 quaestione
1186 2976 1263 3041 aga-

51 3070 85 3125 m.
103 3063 145 3124 sel
167 3065 207 3126 ut
232 3062 302 3125 aliis
327 3061 426 3125 serbis
450 3067 529 3138 utar,
554 3062 702 3127 disserere
727 3063 764 3126 de
787 3063 976 3128 animatione
997 3063 1117 3140 foetus3
1146 3063 1177 3126 in
1210 3082 1263 3127 ca·

51 3163 130 3238 pilitus
152 3165 378 3248 posterioribus
401 3165 518 3230 duobus
542 3166 699 3248 disputare
731 3167 767 3230 de
797 3167 908 3232 abortu
932 3167 1097 3231 libidinoso
1128 3169 1158 3231 et
1187 3165 1264 3231 arti·

51 3266 113 3332 tristi
130 3273 228 3353 atque
244 3271 281 3333 de
299 3269 408 3334 mediis
424 3271 552 3335 sanandi
572 3271 732 3336 mulierem
751 3273 973 3354 praegnantem
990 3272 1265 3354 aegrotantemque

52 3368 136 3450 igibus
167 3373 339 3439 moralibus
362 3375 591 3452 consentaneis,
623 3375 754 3459 denique
785 3375 822 3439 de
855 3377 958 3457 poenis
988 3374 1206 3440 ecclesiasticis
1229 3377 1261 3439 in

51 3484 217 3548 rrnurautes
240 3479 377 3542 abortus.

120 3581 167 3646 Sit
191 3601 267 3665 ergo

557 3729 671 3814 Caput
695 3729 727 3798 1.

475 3869 629 3952 synopsis
652 3869 814 3935 iistoriou.

124 4008 287 4092 Agendum
311 4008 433 4072 videtur
458 4009 491 4071 1⁰
513 4008 550 4071 de
574 4007 701 4072 abortus
724 4007 895 4085 libidinosi,
920 4007 955 4071 2⁰
977 4005 1015 4068 dc
1038 4005 1165 4069 abortus
1188 4005 1265 4068 arti·

55 4103 129 4174 tntis
149 4117 183 4178 et
207 4113 242 4176 3⁰
265 4111 302 4176 de
325 4112 544 4176 craniutomiae
568 4112 708 4178 historia.

301 4285 456 4368 Synopsis
478 4285 606 4350 aborsus
630 4285 795 4352 libidinosi
816 4285 975 4350 iisiorioo.

38 4483 39 4500 ,
126 4417 151 4482 1.
177 4417 365 4501 Magnopere
388 4415 577 4499 querendum
594 4417 652 4493 est,
676 4415 755 4498 quod
775 4416 864 4479 humo
880 4413 985 4478 anima
1001 4410 1142 4476 rationali
1161 4428 1180 4473 a
1201 4409 1263 4473 Deo

67 4517 156 4586 sunium
178 4521 324 4586 Creatori
347 4539 448 4584 rerum
473 4518 632 4602 praeditus
656 4521 687 4584 et
709 4520 790 4582 inter
812 4537 918 4582 omnes
943 4515 1081 4582 risibiles
1102 4515 1262 4579 creaturas

58 4625 188 4700 t'restsns,
205 4646 276 4689 aum
293 4623 440 4688 animalia
456 4624 613 4688 rarissimo
631 4627 737 4687 contra
755 4623 848 4698 viras,
865 4639 1022 4705 nunquam
1039 4621 1143 4684 autem
1157 4620 1264 4683 contra

59 4726 122 4796 ,oles
135 4729 265 4794 trundum
279 4731 379 4806 natas,
397 4728 495 4792 facere
510 4728 680 4806 videantur,
698 4728 816 4792 saevire
830 4727 957 4809 possunt
969 4725 1094 4789 sublata
1106 4723 1263 4788 charitate

1115 4823 1160 4889 1*
