3142 5204
294 296 335 360 62
477 311 689 379 Hetdaaraicb,
712 315 792 372 Dira
809 319 846 372 in
864 329 928 374 cce.
946 319 1000 372 all.
1019 323 1114 373 conat.
1133 316 1237 386 Apoel.
1256 313 1353 378 seda.

294 487 452 551 aeternam
476 503 619 569 persaepe
635 487 807 572 negligant,
828 490 941 573 putant
956 489 1052 556 vitam
1068 490 1269 572 temporalem
1287 491 1397 555 matris
1413 489 1552 574 pretiosi

293 609 357 656 rem
382 608 559 673 essequam
582 591 669 656 illam
694 590 803 658 foetus.

559 801 677 881 Infans
696 803 730 866 r'a
752 808 839 868 mero
861 802 1115 884 senesanna
1137 804 1262 870 matris.

398 946 471 1012 Alia
494 947 572 1011 ratio
592 947 687 1025 tenet,
710 947 862 1012 infantem
887 965 953 1013 esse
976 948 1107 1030 partem,
1131 949 1301 1031 portionem
1323 949 1432 1015 matris
1449 950 1546 1014 ideo-

292 1070 351 1134 que
375 1051 476 1129 licere,
499 1050 591 1115 sicuti
615 1071 640 1118 v.
666 1069 696 1134 g.
721 1051 883 1116 brachium
906 1050 1064 1116 infirmum
1088 1053 1120 1116 et
1143 1051 1200 1116 toti
1226 1053 1343 1135 corpori
1367 1053 1544 1136 perniciem

294 1154 440 1220 minitans
463 1153 602 1219 abscindi
625 1156 735 1237 potest,
761 1155 853 1219 matri
877 1155 1020 1218 abortum
1044 1172 1207 1238 procurare
1230 1155 1278 1220 vel
1301 1157 1547 1221 eraniotomiam

293 1259 468 1336 admittere,
490 1259 516 1323 si
541 1258 568 1323 ei
592 1259 623 1322 id
648 1258 782 1324 medium
806 1277 903 1323 uuum
926 1259 975 1322 est
997 1258 1116 1325 salutis.

397 1379 464 1445 lam
494 1399 586 1463 snpra
619 1380 769 1455 relatum,
812 1379 964 1445 Romanos
998 1379 1115 1445 foetum
1145 1379 1331 1445 intellexisse
1364 1382 1543 1464 portionem

293 1483 442 1548 viscerum
465 1483 574 1548 matris
586 1483 620 1566 ¹),
643 1483 674 1547 et
696 1483 760 1565 ipse
783 1481 957 1568 Semelast)
990 1483 1116 1548 censet:
1148 1483 1251 1554 »Cum
1285 1485 1386 1548 foetus
1420 1484 1474 1549 ille
1495 1487 1547 1550 sit

293 1606 363 1671 pars
385 1589 537 1653 viscerum
561 1586 695 1650 nondum
718 1587 821 1650 anima
842 1586 986 1651 rationali
1010 1585 1203 1664 intormatus‚
1231 1606 1291 1652 non
1314 1589 1361 1652 est
1383 1608 1438 1653 cur
1461 1608 1543 1653 con-

293 1691 460 1756 servandus
494 1690 534 1755 sit
564 1709 634 1754 cnm
656 1691 744 1756 tanto
768 1691 850 1756 vitae
874 1691 1033 1754 maternae
1057 1690 1233 1755 discrimine
1256 1691 1469 1768 imminenti‹;
1506 1699 1545 1758 et

292 1814 317 1862 s.
342 1794 422 1875 apud
444 1793 642 1876 alphonsum
669 1793 705 1859 de
734 1794 913 1878 dignarier:
948 1795 1127 1878 »quaeritur
1150 1794 1174 1858 1.
1209 1815 1247 1859 an
1271 1795 1365 1861 liceat
1388 1796 1479 1860 matri
1506 1799 1543 1860 in

292 1901 426 1963 extremo
447 1897 554 1963 morbo
574 1898 760 1963 constitutae
777 1916 896 1963 sumere
915 1899 1116 1981 pharmacum
1133 1897 1171 1962 ad
1187 1898 1400 1981 expellendum
1417 1900 1543 1966 loetum

293 2002 525 2067 inanimatum?
555 2051 561 2065 .
589 2051 595 2064 .
620 2053 626 2067 .
655 2001 758 2066 Prima
781 2003 937 2067 sententia
964 2001 1100 2067 affirmat
1124 2051 1131 2066 .
1156 2051 1163 2065 .
1190 2054 1195 2069 .
1223 2001 1330 2080 Ratio,
1363 2007 1430 2068 tum
1463 2006 1545 2086 quia

293 2124 364 2171 cum
386 2105 486 2170 foetus
509 2104 563 2168 ille
584 2105 626 2170 sit
651 2124 719 2188 pars
739 2107 890 2170 viscerum
902 2109 928 2184 ⁴)
953 2107 1031 2170 eta«

395 2225 484 2292 Illico
508 2245 581 2310 ergo
604 2228 739 2311 apparet,
765 2227 821 2292 hos
844 2229 984 2294 auctores
1006 2226 1089 2310 loqui
1109 2226 1147 2292 de
1161 2227 1246 2292 foetu
1269 2225 1449 2304 inanimato,
1477 2229 1542 2292 ali·

293 2349 383 2414 quern
417 2329 612 2396 moralistam
647 2333 752 2396 autem
786 2333 819 2395 et
849 2331 964 2397 foetum
996 2331 1169 2396 animatum
1202 2331 1377 2414 intelligere
1412 2334 1542 2414 partem

292 2434 443 2498 viscerum
472 2435 581 2500 matris
605 2453 664 2499 non
686 2435 818 2499 invenio.
876 2433 972 2514 Cum,
1010 2435 1161 2518 utsupra
1188 2433 1339 2512 vidimus,
1374 2433 1542 2501 distinctio

292 2538 373 2601 inter
404 2538 520 2602 loetum
551 2537 723 2603 animatum
747 2541 779 2604 et
799 2537 1004 2604 inanimatum
1030 2556 1087 2603 non
1111 2537 1208 2622 possit
1230 2537 1376 2603 sustineri
1398 2538 1540 2604 testibus

294 2641 514 2706 recentioribus
548 2642 728 2726 phisiologis
760 2645 792 2707 et
826 2641 953 2706 medicis
985 2644 1016 2708 et
1047 2640 1201 2726 theologis
1228 2641 1381 2725 plerisque
1412 2643 1542 2722 saltem,

293 2745 450 2809 evanescit
474 2749 694 2828 argumentum
717 2765 752 2811 ex
773 2745 939 2810 Sanchezio
963 2745 1093 2828 aliisque
1115 2745 1294 2810 auctoribus
1317 2745 1397 2829 apud
1421 2745 1451 2814 S.
1479 2750 1542 2813 Al·

292 2847 442 2930 phonsum
457 2848 562 2913 citatis
577 2848 784 2932 desumptum.
811 2849 881 2915 Non
898 2849 1082 2934 negandum,
1100 2848 1137 2916 D.
1156 2848 1193 2915 D.
1211 2849 1389 2932 permittere
1405 2852 1543 2916 mutila-

292 2951 407 3018 tionem
431 2952 526 3016 etiam
549 2951 678 3035 privatis
706 2952 755 3015 »in
780 2971 867 3029 casu,
891 2971 950 3037 quo
974 2951 1103 3017 membri
1126 2951 1256 3034 putredo
1278 2952 1374 3016 totius
1398 2955 1542 3036 corporis

292 3055 387 3121 saluti
409 3055 620 3121 adversatur«
668 3055 864 3138 aromaca:
901 3055 996 3122 »Cum
1030 3055 1201 3120 membrum
1232 3055 1355 3138 aliquod
1388 3055 1431 3120 sit
1463 3077 1542 3140 pars

293 3159 389 3226 totins
413 3160 540 3224 humani
564 3160 707 3243 corporis,
731 3162 778 3226 est
800 3163 923 3244 propter·
946 3160 1048 3225 totum
1071 3159 1151 3224 sieut
1173 3157 1389 3241 imperfectum
1408 3163 1543 3244 propter

293 3264 472 3347 perfectum.
520 3263 607 3329 Unde
629 3263 851 3346 disponendum
876 3265 923 3330 est
944 3263 980 3328 de
1004 3264 1141 3328 membro
1166 3261 1293 3328 humani
1323 3263 1457 3345 corporis
1488 3283 1544 3329 se-

292 3367 427 3432 cundum
450 3368 530 3451 quod
553 3367 676 3451 expedit
698 3369 766 3434 toti.
803 3367 979 3432 Membrum
1000 3370 1105 3432 autem
1129 3367 1255 3432 humani
1278 3366 1412 3449 corporis
1432 3386 1488 3450 per
1506 3386 1544 3434 se

293 3471 418 3554 quidem
442 3472 518 3536 utile
540 3473 588 3538 est
611 3471 650 3536 ad
675 3473 786 3536 bonum
811 3471 908 3538 totius
931 3471 1086 3556 eorporis3
1112 3491 1164 3555 per
1187 3470 1329 3537 accidens
1351 3471 1455 3535 tamen
1482 3491 1544 3554 po·

291 3575 355 3639 test
376 3574 564 3658 contingere,
587 3575 667 3658 quod
691 3574 733 3640 sit
755 3575 905 3655 nocivum,
929 3577 1006 3659 puta
1027 3593 1097 3640 cum
1121 3575 1292 3639 membrum
1310 3573 1469 3657 putridum
1489 3579 1543 3642 est

291 3678 388 3744 totins
410 3679 543 3760 corporis
566 3678 785 3761 corruptivum.
831 3677 864 3744 Si
887 3673 963 3762 ergo
984 3679 1155 3743 membrum
1178 3696 1287 3742 sanum
1319 3677 1413 3741 fuerit
1441 3680 1474 3742 et
1504 3681 1544 3744 in

292 3801 348 3846 sua
370 3781 504 3847 naturali
519 3781 717 3865 dispositione
734 3783 904 3848 consistens
921 3801 979 3847 non
996 3783 1096 3865 potest
1114 3781 1286 3864 praescindi
1303 3783 1420 3866 absque
1436 3783 1543 3849 totius

293 3885 425 3949 hominis
447 3885 607 3968 (corporis)
632 3885 816 3950 detrimento
841 3935 848 3951 .
873 3938 880 3953 .
905 3938 912 3953 .
940 3883 974 3951 st
995 3903 1068 3950 vero
1089 3885 1261 3951 membrum
1285 3888 1408 3969 propter
1430 3889 1543 3969 putre-

293 3987 394 4052 dinem
421 3989 465 4054 sit
489 3990 587 4056 totius
619 3989 753 4074 corporis
783 3989 1011 4074 corruptivum,
1044 3991 1119 4055 tuuc
1141 3989 1263 4054 licitum
1284 3991 1332 4055 est
1359 3989 1397 4055 de
1426 3992 1543 4057 voluu-

398 4230 424 4300 1)
442 4231 476 4286 ei.
495 4233 519 4288 7.
539 4233 573 4289 D.
589 4233 623 4289 de
641 4235 706 4290 stat.
724 4234 796 4291 honr.
816 4235 839 4300 l,
858 4235 882 4290 5.

394 4317 422 4388 2)
440 4318 481 4373 De
497 4318 617 4376 Matrim.
635 4321 654 4375 l.
674 4321 722 4376 IX.
742 4320 810 4392 disp.
830 4321 890 4376 XX.

395 4404 424 4473 8)
441 4404 460 4460 1.
479 4421 500 4460 c.
518 4406 537 4460 l.
557 4404 604 4460 IV.
624 4423 648 4461 n.
668 4407 727 4462 394.

394 4490 422 4560 4)
438 4491 472 4548 ci.
493 4493 624 4558 Lanatus,
644 4494 662 4546 l.
680 4492 716 4548 11.
735 4509 774 4562 cp.
791 4493 840 4548 IX.
858 4493 920 4548 dub.
939 4494 972 4548 X.
991 4512 1017 4549 n.
1030 4495 1080 4550 60:
1098 4494 1187 4550 foetus
1205 4509 1260 4550 nou
1271 4494 1441 4550 inanimatus
1455 4497 1538 4553 sicuti

291 4577 369 4646 pravi
387 4577 512 4650 humores
529 4580 580 4634 etc.

395 4663 423 4735 5)
447 4666 596 4732 illumne..
619 4665 637 4719 Ι.
656 4681 679 4720 c.
697 4665 731 4720 11.
749 4663 773 4718 2.
793 4679 820 4734 q.
838 4665 872 4718 65
890 4682 914 4720 a.
934 4665 959 4720 1.
