3142 5204
522 308 661 365 Oenonen
677 309 813 363 obortus.
1246 291 1288 356 95

50 483 77 544 ct
104 479 231 546 Heiner
240 479 265 562 ¹)
294 480 326 544 et
359 478 511 562 imprimis
535 478 749 565 Pannona),
780 481 920 546 evertens
949 479 1083 546 rationes
1117 481 1288 546 sententiae

49 583 221 648 contrariae
255 584 287 648 ot
324 600 411 648 suam
443 583 629 648 sententiam
660 583 787 662 solidis,
821 586 855 648 ut
889 583 966 646 mihi
995 583 1119 666 quidem
1157 584 1287 663 videtur,

49 687 241 772 argumentis
266 685 440 751 defendens.

149 799 193 864 Et
214 799 250 862 ιιι
274 797 385 878 dicam,
410 797 484 883 quiri
509 799 566 864 hac
588 799 623 863 in
644 799 823 883 quaestione
845 800 979 877 teneam,
1000 800 1104 884 placet
1127 801 1203 865 mihi
1219 819 1286 866 sen·

49 902 145 968 tentia
167 902 275 967 horum
299 905 469 967 auctorum.
507 902 587 967 Nam
611 902 681 966 aliis
704 903 825 968 omissis
854 901 931 967 »etei
957 903 1135 969 immediate
1160 907 1192 969 et
1218 924 1286 988 per-

50 1005 197 1071 sonaliter
219 1007 296 1090 agat
325 1005 564 1092 (mandatarius)
597 1024 652 1072 neo
687 1025 740 1089 per
773 1025 806 1070 se
840 1024 895 1071 nec
930 1025 982 1090 per
1016 1007 1112 1072 atium
1145 1010 1290 1091 procurat

50 1111 211 1189 abortum,
240 1109 320 1195 quod
349 1110 397 1174 ius
425 1109 572 1193 requirit,
603 1109 733 1193 scalpro
755 1109 815 1175 alio
838 1109 963 1193 eiusque
987 1111 1128 1176 nomine«
1160 1112 1278 1198 (Reat.)

51 1215 90 1279 ita
122 1215 161 1279 ut
186 1233 246 1279 rron
274 1214 338 1279 sint
366 1213 404 1278 cle
435 1213 748 1278 excommunicatione
778 1213 945 1279 damnandi
976 1214 1162 1280 mandatarii
1192 1233 1290 1299 usquc

50 1317 119 1382 dum
145 1336 200 1401 per
223 1317 435 1383 authenticam
458 1315 696 1383 declarationem
719 1317 905 1384 contrariam
928 1319 1085 1402 constet³)
1115 1319 1289 1402 »qnoniam

49 1440 142 1504 quum
169 1471 176 1486 .
201 1472 208 1488 .
234 1475 240 1488 .
263 1421 332 1486 finis
354 1421 525 1504 praesentis
548 1420 785 1487 Const'tutionis
808 1421 858 1499 sit,
886 1422 922 1487 ut
944 1421 1118 1487 limitentur
1141 1423 1288 1506 antiquae

50 1543 214 1604 censurae,
243 1525 319 1590 haec
347 1525 415 1608 ipsa
438 1523 626 1590 Constitutio
649 1523 681 1587 in
705 1524 798 1590 dubio
820 1543 941 1607 semper
963 1525 1096 1609 benigne
1119 1528 1166 1591 est
1190 1527 1289 1590 inter-

49 1630 215 1711 pretanda,
248 1629 294 1694 ita
321 1630 357 1693 nt
385 1647 439 1711 pro
470 1629 527 1692 hac
557 1629 690 1711 benigna
720 1627 974 1711 interpretatione
995 1646 1055 1695 non
1079 1629 1177 1696 solnm
1205 1629 1288 1695 adsit

50 1731 202 1816 generalis
224 1733 313 1812 ratio,
337 1732 418 1816 quod
442 1731 513 1797 odia
534 1733 607 1797 sunt
629 1730 852 1816 restringenda,
876 1751 980 1797 rernm
1005 1733 1100 1798 etiam
1123 1734 1203 1799 ratio
1218 1753 1286 1816 spe·

50 1836 219 1901 oiatiseima
248 1836 412 1920 desumpta
441 1855 476 1901 ax
496 1837 561 1920 ipso
583 1853 672 1918 scopo
696 1835 769 1900 talis
799 1835 1105 1917 Constitutionie4).‹
1151 1837 1232 1918 Quid
1256 1837 1288 1902 in

50 1941 143 2022 praxi,
170 1941 297 2007 clarum.

151 2079 194 2144 II.
232 2077 319 2160 Quod
342 2078 452 2144 deinde
474 2077 608 2162 pertinet
630 2078 669 2144 ad
689 2077 889 2157 conditiones,
912 2079 1024 2163 quibus
1047 2079 1080 2145 in
1102 2083 1286 2164 procurante

50 2183 253 2249 existentibus
273 2201 402 2250 censure
423 2183 454 2246 in
480 2183 591 2248 abortu
611 2183 774 2266 procurato
797 2183 1009 2262 contrabitur,
1035 2185 1286 2250 animadverten-

51 2286 121 2351 dum
145 2305 222 2367 esse,
248 2305 409 2370 procurare
432 2305 497 2352 esee
520 2286 655 2352 studiose
678 2288 710 2352 et
732 2305 767 2351 ex
785 2286 939 2353 industria
963 2288 1079 2372 aliquid
1093 2290 1284 2375 quaerere⁵).

52 2389 136 2456 Unde
164 2409 286 2456 necesse
312 2393 376 2470 est,
407 2391 447 2456 acl
469 2389 710 2456 contrahendam
735 2408 912 2470 censuram,
942 2393 978 2456 ut
1000 2392 1183 2475 procurandi
1205 2393 1288 2458 adsit

51 2493 168 2560 directe
194 2493 324 2560 intentio
353 2495 496 2560 abortum
524 2493 659 2559 faciundi
689 2493 752 2559 sive
783 2497 819 2560 ut
847 2495 917 2562 finis
947 2495 1012 2560 sive
1041 2497 1077 2560 ιιι
1101 2495 1236 2560 medinm
1250 2497 1286 2584 6).

51 2597 255 2677 Quamobrem
278 2598 551 2664 excommunicatio
574 2597 768 2663 contrahitur
789 2599 913 2664 tanturn
934 2617 969 2664 err
988 2599 1097 2665 abortu
1114 2600 1287 2666 voluntario

51 2701 164 2768 directe
198 2705 230 2767 et
263 2702 295 2766 in
328 2720 381 2781 se,
420 2721 479 2767 non
512 2701 707 2766 contrahitur
735 2721 771 2766 err
799 2703 911 2768 abortu
933 2703 1105 2769 voluntario
1134 2703 1286 2770 indirecte

52 2808 78 2872 at
99 2807 133 2870 in
158 2825 267 2885 cauea,
291 2805 431 2889 quamvis
452 2825 487 2870 ex
508 2806 620 2872 illicita
644 2805 763 2872 actione
787 2806 953 2890 prodierit,
978 2808 1075 2874 veluti
1097 2808 1194 2891 siquis
1217 2827 1286 2873 mn·

52 2908 156 2976 liorem
178 2912 399 2994 praegnantem
423 2911 559 2993 graviter
573 2909 759 2993 percusserit
775 2921 810 2974 err
826 2911 881 2989 ira,
905 2911 982 2991 odio,
1007 2913 1159 2997 zelotypia
1174 2915 1232 2978 etc.
1244 2912 1285 2997 7);

52 3031 143 3098 eoque
168 3014 269 3080 minus
292 3013 485 3080 contrabitur
509 3032 545 3078 ex
568 3013 677 3078 abortu
699 3011 833 3078 admisso
859 3014 942 3078 »sola
965 3015 1122 3100 cnlpa‹⁸).

152 3126 254 3208 Quare
275 3126 350 3192 licet
372 3126 507 3204 medico,
529 3125 577 3189 ita
596 3125 632 3188 nt
655 3142 714 3188 non
735 3123 877 3190 incurrat
901 3144 1078 3206 censuram,
1104 3127 1288 3194 muliori'de

53 3228 112 3294 rita
135 3229 328 3314 periclitanti
350 3229 536 3296 medicinam
558 3226 729 3312 porrigere,
760 3228 876 3310 quain
899 3247 931 3293 se
953 3230 1037 3294 salus
1060 3231 1169 3295 matris
1198 3250 1287 3296 reon·

53 3335 181 3413 peretur,
205 3351 265 3400 non
284 3335 389 3400 numm
412 3334 538 3399 abortus
560 3334 751 3416 procuretur,
773 3331 832 3396 etsi
855 3349 909 3415 par
931 3332 1073 3399 accidens
1095 3335 1235 3418 sequitur
1249 3335 1284 3417 9).

151 3446 198 3510 Ex
218 3435 390 3512 rationibus
412 3445 514 3511 adhuc
537 3445 643 3510 allatis
665 3443 822 3528 sequitur:
845 3442 977 3509 incurrit
997 3463 1158 3510 censuram

153 3559 207 3622 »1⁰
230 3559 356 3638 mulier,
380 3577 459 3642 quae
481 3559 605 3641 experta
626 3560 691 3635 est,
715 3557 741 3620 ei
767 3556 883 3639 pondus
905 3575 999 3641 grave
1020 3557 1139 3639 portet,
1172 3555 1286 3642 (addet

56 3663 97 3726 rel
119 3663 249 3747 gravida
268 3663 362 3729 saltet
378 3663 450 3745 eto.)
473 3681 506 3727 so
523 3662 664 3726 abortum
682 3661 758 3744 pati,
781 3660 918 3727 studiose
933 3661 1038 3725 tamen
1054 3661 1093 3740 ab
1110 3679 1146 3726 eo
1161 3659 1286 3726 ferendo

56 3783 108 3830 non
129 3765 282 3832 abstinuit
301 3765 350 3852 (ex
372 3766 443 3844 fine,
466 3766 503 3830 ut
525 3764 675 3830 abortiret
695 3765 727 3830 et
750 3764 932 3830 abortiverit
951 3783 987 3829 err
1008 3766 1172 3849 cananea)

153 3959 180 4029 1)
198 3960 217 4014 1.
235 3976 257 4016 c.
275 3975 338 4028 pag.
357 3957 417 4013 247.

152 4045 182 4115 2)
200 4047 218 4100 l.
234 4063 256 4101 o.
273 4061 337 4116 pag.
354 4044 387 4099 14
404 4059 479 4114 seqq.

151 4131 180 4202 3)
199 4134 368 4189 Pennccbt.

151 4217 180 4287 4)
200 4221 381 4284 Bnoccront,
397 4219 416 4272 l.
434 4234 457 4273 c.
476 4235 502 4272 rr.
519 4218 545 4272 4.

152 4305 181 4374 5)
200 4305 323 4376 Sporcr,
340 4305 358 4360 l.
375 4321 396 4360 o.
414 4305 438 4372 θ.
452 4305 512 4360 743.

152 4391 180 4460 6)
199 4393 322 4458 Heincr,
339 4392 357 4446 l.
373 4409 394 4448 o.
413 4407 474 4461 pag.
492 4391 552 4446 246.

152 4478 180 4547 7)
199 4478 321 4548 Sporer,
339 4478 358 4534 1.
377 4495 399 4534 o.
417 4478 442 4544 ἐ.
460 4479 519 4544 738,
538 4478 598 4532 739.

151 4563 180 4634 8)
200 4564 395 4631 D’Annibota',
413 4567 432 4620 l.
451 4582 472 4620 e.
492 4581 518 4620 n.
537 4565 594 4619 151.
613 4581 677 4634 pag.
694 4561 738 4619 89.
774 4563 898 4627 Hctner,
916 4561 934 4618 L
954 4577 976 4616 o.

151 4653 179 4723 9)
199 4652 322 4722 Heincr,
340 4654 359 4708 l.
377 4670 399 4710 c.
917 4673 920 4682 ·
