3142 5204
277 309 319 374 74
466 327 678 398 Heidenrernb
699 331 777 388 Diae.
796 335 831 388 ia
851 349 911 389 cue.
930 335 984 388 ull.
1002 338 1098 390 comet.
1118 332 1222 402 Apoet.
1243 331 1338 417 Sedis.

285 501 372 567 Adde
396 503 510 581 antero,
535 503 613 584 quod
638 504 731 569 senor
741 507 766 588 ¹)
791 503 852 582 ait,
876 522 941 569 esee
962 525 1070 588 nempe
1093 523 1244 588 perpauca
1266 503 1417 580 remedia,
1442 520 1538 585 quae

282 605 370 682 dosi,
393 625 471 688 quaa
494 608 746 688 praescribuntur
769 609 800 673 et
822 611 985 674 sumuntur
1009 609 1047 674 ad
1071 607 1309 691 recuperandam
1339 603 1536 681 sanitatem,

279 709 370 774 simul
394 711 564 792 periculum
587 712 712 777 abortus
732 711 894 780 adducant.

295 872 297 876 ,
386 815 581 897 llxperientia
604 815 684 880 euim
709 816 866 896 docemur,
891 817 1093 896 etiamtum,
1124 837 1193 882 cum
1213 815 1369 882 malitiose
1391 815 1539 878 abortus

279 916 466 998 intenditur,
509 917 600 982 finem
638 921 825 1003 propositum
867 940 935 986 raro
971 921 1060 986 effici.
1127 921 1153 985 Ε
1187 921 1294 986 contra
1327 917 1537 1001 operationes

281 1021 476 1105 chirurgicus
488 1021 520 1086 iu
533 1024 662 1088 muliere
678 1026 876 1108 praegnante,
893 1026 972 1090 teste
988 1026 1167 1102 Sobrocdea
1185 1023 1354 1107 periculum
1370 1039 1537 1104 magnum

280 1125 407 1190 abortus
431 1145 551 1209 semper
574 1127 733 1206 inducunt,
756 1129 814 1193 etsi
838 1149 895 1194 non
918 1130 1052 1205 tantum,
1075 1131 1224 1214 quantum
1249 1129 1349 1192 antea.
1395 1123 1492 1190 Unde

386 1237 417 1323 a)
443 1238 529 1304 Licet
550 1259 584 1303 er
607 1239 784 1304 rationabili
804 1242 836 1305 et
855 1241 942 1325 gravi
957 1261 1059 1320 causa,
1079 1241 1222 1306 inducere
1238 1241 1361 1324 partum
1378 1255 1538 1320 praema-

282 1344 396 1420 turum,
422 1341 480 1406 etsi
503 1341 604 1408 intans
628 1343 707 1407 alter
729 1362 765 1408 er
786 1345 848 1409 alia
870 1346 1054 1412 ovulationis
1074 1347 1211 1428 tempore
1226 1343 1324 1420 adcst,
1348 1341 1397 1406 cui
1412 1359 1448 1405 ex
1468 1340 1538 1404 illo

282 1446 458 1528 perpetrato
482 1446 609 1512 abortus
632 1447 774 1514 imminet
796 1451 828 1514 et
848 1448 1055 1532 subsequitur.
1084 1449 1200 1532 Nagari
1222 1448 1305 1512 enim
1328 1465 1386 1510 non
1406 1445 1536 1527 potest,

287 1550 446 1633 concipere
468 1569 555 1632 posse
577 1552 736 1617 mulierem
769 1553 928 1635 gravidam
959 1555 1096 1636 tempore
1124 1551 1308 1635 gestationis
1338 1548 1535 1632 praesertim

284 1653 392 1734 primis
416 1655 613 1736 graviditatis
640 1655 741 1721 tribus
772 1656 929 1722 mensibus
962 1656 1076 1740 duplici
1112 1658 1199 1721 utero
1231 1654 1393 1729 existente,
1428 1671 1535 1734 quern

285 1757 529 1841 physiologicum
554 1759 698 1824 effectum
720 1759 829 1824 dicunt
851 1761 962 1827 medici
985 1759 1321 1843 superfoetationem2).

390 1871 424 1953 b)
448 1871 533 1935 Licet
557 1873 749 1953 operationes
771 1871 802 1936 in
825 1891 916 1937 uxore
938 1875 1126 1958 praegnante
1149 1874 1332 1956 perpetrare,
1354 1870 1413 1933 etsi
1433 1867 1537 1932 adest
1564 1929 1565 1942 ,

284 1975 453 2057 periculum
474 1975 611 2052 abortus,
631 1975 656 2039 si
677 1994 731 2041 eae
750 1995 829 2040 nunc
849 1977 944 2042 saluti
966 1978 1076 2042 matris
1095 1977 1218 2044 omuino
1234 1972 1421 2041 necessariae
1437 1974 1533 2038 sunt.

389 2087 418 2169 a)
444 2086 558 2163 »Licet
583 2087 677 2151 matri
698 2106 821 2153 sumere
836 2091 868 2153 et
882 2089 1027 2172 praebere
1044 2088 1212 2154 remedium
1230 2107 1286 2171 per
1300 2107 1331 2152 se
1346 2086 1533 2151 curativum

285 2191 414 2262 matris.
446 2209 501 2254 nec
526 2209 578 2272 per
601 2210 633 2254 se
656 2190 784 2256 tendens
808 2192 847 2257 ad
870 2192 1079 2271 abortionem,
1107 2192 1248 2275 quamvis
1275 2190 1315 2255 sit
1338 2188 1534 2272 periculum,

286 2313 322 2358 ne
345 2293 416 2359 inde
440 2295 560 2358 abortio
583 2297 767 2378 sequatur«,
793 2297 818 2360 si
841 2296 877 2360 de
900 2297 988 2380 gravi
1009 2315 1062 2362 seu
1083 2295 1194 2361 lethali
1217 2295 1321 2360 morbo
1342 2293 1454 2359 matris
1470 2313 1533 2356 cu-

284 2397 380 2462 rando
403 2398 517 2481 agitur,
540 2399 673 2463 conditio
696 2399 796 2464 morbi
819 2400 849 2464 id
866 2401 1035 2465 remedium
1052 2399 1150 2484 erigit
1164 2401 1195 2465 et
1210 2399 1321 2477 cautio,
1343 2418 1380 2461 ne
1396 2397 1536 2462 abortus

284 2500 351 2576 fiat,
373 2503 521 2583 quantuni
539 2502 605 2566 fieri
622 2502 726 2585 possit,
750 2504 923 2568 adhibetur.
959 2504 1066 2569 Ratio:
1090 2503 1228 2586 sequitur
1251 2520 1285 2567 cr
1306 2500 1466 2584 principiis
1488 2501 1534 2564 de

285 2605 459 2669 voluntario
481 2605 632 2670 indirecto
656 2607 854 2686 (Laomache
864 2607 906 2691 ³),
936 2627 952 2672 e
990 2608 1063 2691 quia
1083 2609 1183 2672 mater
1205 2607 1299 2670 habet
1321 2606 1368 2670 ius
1390 2605 1427 2670 ad
1451 2623 1534 2668 oon-

285 2708 467 2772 servundam
492 2709 589 2773 vitam
616 2711 648 2773 et
677 2711 842 2775 sanitatem
872 2729 979 2790 suam,
1011 2731 1083 2794 ergo
1106 2711 1138 2776 et
1160 2710 1198 2776 ad
1220 2708 1368 2776 sumenda
1388 2707 1535 2772 medica·

286 2812 401 2886 menta,
425 2830 504 2893 quae
529 2831 581 2894 per
603 2831 636 2875 se
659 2812 756 2878 solum
780 2814 912 2880 tendunt
935 2814 972 2879 ad
995 2815 1233 2898 recuperandam
1258 2813 1418 2898 pristinam
1439 2812 1535 2875 sani-

285 2915 395 2992 tatem,
413 2915 478 2978 esto
494 2933 547 2996 per
562 2915 703 2981 accidens
719 2918 790 2983 inde
809 2920 969 2983 secuturus
986 2919 1201 3002 praevideatur
1216 2918 1351 2982 abortus.
1375 2915 1514 2999 (Elbel).

392 3026 425 3106 d)
461 3025 494 3091 Si
527 3027 680 3093 medicina
709 3031 881 3114 aequaliter
906 3032 1018 3097 tendat
1048 3031 1086 3096 ad
1116 3031 1248 3095 salutern
1280 3028 1389 3094 matris
1422 3029 1456 3091 et
1488 3031 1535 3092 ad

286 3148 390 3195 necem
415 3131 530 3208 leatus,
554 3132 701 3214 praeferri
724 3135 841 3217 potest,
868 3173 903 3182 -
928 3137 964 3200 ut
986 3135 1121 3212 videtur,
1145 3171 1181 3182 -—
1207 3134 1272 3198 rita
1296 3131 1404 3196 matris
1427 3132 1535 3195 saluti

287 3234 401 3297 laetus:
425 3252 459 3298 eo
479 3234 574 3298 aliam
598 3237 740 3315 maxime,
764 3238 842 3320 quod
867 3240 967 3303 matre
986 3239 1188 3320 pereunte-
1208 3235 1361 3318 imprimis
1376 3234 1534 3299 diuturno

287 3337 392 3403 morbo
415 3375 457 3386 -
480 3356 555 3420 pene
579 3339 762 3405 miraculum
783 3341 834 3419 sit,
856 3342 882 3405 si
901 3341 1002 3407 foetus
1025 3341 1188 3406 incolumis
1210 3339 1330 3404 evadat.
1373 3337 1533 3423 (mana).

394 3451 424 3533 e)
448 3449 594 3530 »Quando
619 3454 799 3536 aegrotante
820 3457 939 3531 matre,¹
958 3454 1128 3537 periculum
1152 3454 1278 3517 abortus
1298 3469 1394 3532 aeque
1414 3449 1535 3528 instat,

288 3555 355 3618 tum
377 3554 402 3618 si
423 3554 479 3618 illa
501 3555 671 3620 remedium
694 3557 732 3621 ad
753 3559 892 3623 morbum
916 3558 1085 3622 curandum
1106 3560 1226 3631 sumat,
1249 3557 1315 3620 tum
1340 3554 1366 3618 si
1389 3572 1448 3616 non
1473 3573 1535 3618 su-

288 3659 354 3722 mat
377 3677 428 3734 eo,
459 3661 539 3742 quod
569 3661 615 3724 vis
644 3660 712 3743 ipsa
734 3662 831 3726 morbi
862 3662 910 3746 (nt
934 3662 1062 3726 subinde
1086 3661 1230 3744 contigit)
1255 3660 1398 3724 abortum
1418 3658 1534 3736 infert,

288 3759 361 3826 licet
385 3760 569 3829 medicinam
593 3782 730 3829 sumere:
762 3784 859 3848 neque
887 3766 967 3830 enim
1000 3766 1157 3848 prodesset
1186 3764 1263 3847 proli
1294 3761 1486 3827 abstinentia
1513 3783 1535 3827 a

286 3865 430 3931 remediis
460 3868 552 3949 atque
583 3867 659 3945 adeo
689 3871 789 3933 mater
818 3869 902 3934 vitae
931 3868 1065 3935 consulit
1092 3869 1157 3933 sine
1179 3867 1289 3932 maiori
1311 3865 1406 3950 prolis
1428 3865 1534 3930 datri-

286 3970 418 4034 meum«
467 3971 628 4050 (Aetolae,
651 3971 942 4056 corp-Bararus).

389 4089 430 4154 ΙΙ.
463 4090 598 4156 Abortus
620 4091 789 4157 indirectas
811 4092 939 4177 ideoque
961 4093 1066 4159 licitus
1089 4111 1155 4158 esse
1176 4091 1297 4156 videtur
1318 4090 1348 4154 in
1365 4107 1438 4154 casu
1458 4089 1530 4168 illo,

287 4211 377 4274 quem
409 4194 636 4260 eruditissimus
667 4199 699 4260 ot
732 4195 985 4263 timoratissimus
1021 4197 1073 4261 Dr.
1107 4195 1312 4279 Capellmoaa
1341 4191 1486 4276 proponit
1499 4197 1530 4275 ⁴)

388 4413 417 4566 g
433 4413 650 4562 Ιὲεεινξῖἓεῗῗ.
664 4515 687 4553 c.
705 4498 819 4570 pedit
838 4515 911 4569 seqq.
939 4501 1093 4566 Vterordt
1112 4501 1130 4556 l.
1149 4517 1170 4555 c.
1189 4516 1251 4570 pag.
1270 4498 1322 4554 584
1337 4513 1412 4566 seqq.

389 4584 417 4739 ἓξ
434 4583 718 4726 ildddagtosssldredsscin
731 4672 781 4726 etc.
799 4688 863 4742 pag.
878 4672 909 4727 15
921 4674 949 4728 et
961 4673 1102 4742 opusculo:
1118 4672 1150 4728 de
1164 4671 1294 4727 occisione
1306 4671 1396 4726 foetus
1408 4686 1472 4740 pag.
1481 4671 1526 4726 46.
