3142 5204
431 333 633 408 operationes
650 339 686 391 io
703 343 801 406 portu
819 338 933 394 lacteae.
1258 323 1299 386 85

42 511 106 572 tem
133 525 200 572 sua
225 523 307 572 mors
328 505 371 570 sit
393 507 477 570 certa
500 507 532 571 et
554 505 638 571 salos
666 506 760 590 prolis
783 507 894 586 durbia,
920 526 1028 590 nempe
1058 507 1084 572 si
1112 508 1211 590 proles
1241 530 1299 576 non

42 613 83 676 sit
105 611 202 675 certe
227 609 421 692 baptizanda,
446 629 505 674 non
528 611 651 676 tenetur
673 611 740 693 ipsa
760 611 857 676 vitam
881 612 963 675 certe
987 611 1161 679 amittere«

156 721 250 802 Quod
279 739 353 806 ergo
381 722 494 788 attinet
524 723 562 788 ad
592 722 811 806 obligationem
845 723 1084 807 hysterotomiae
1113 726 1298 806 subeundae,

44 825 96 910 agi
123 826 237 908 potest
259 825 297 890 de
320 844 356 890 ea
375 825 432 890 sub
455 824 570 907 duplici
591 827 751 909 respectu,
783 844 910 908 nempe,
944 827 971 890 si
995 826 1073 893 haec
1093 831 1230 912 operatio
1258 830 1302 895 sit

44 930 179 995 unicum
206 929 376 994 remedium
398 929 509 994 salutis
530 929 709 1011 temporalis
732 929 842 994 matris
863 929 911 994 vel
928 931 1053 996 unicum
1073 932 1113 996 sit
1130 933 1299 998 remedium

43 1033 166 1099 salutis
190 1033 320 1098 infantis
342 1034 485 1097 aeternae
504 1035 536 1098 et
552 1033 691 1098 fortassis
706 1033 844 1097 eiusdem
860 1034 1039 1116 temporalis
1056 1035 1111 1099 aut
1126 1037 1298 1102 amborum.

158 1143 249 1225 Quod
273 1143 388 1208 attinet
409 1143 448 1208 ad
471 1145 604 1226 primam
627 1143 815 1227 quaestionis
831 1145 962 1227 partem,
985 1145 1300 1233 idemAlphoases1)

42 1251 142 1315 docet
167 1267 239 1312 cum
263 1248 468 1330 Lopmoaffl)
489 1248 521 1313 et
543 1247 624 1323 aliis,
647 1267 706 1312 non
729 1248 827 1312 teneri
850 1267 1035 1331 quemquam
1058 1268 1180 1315 serrare
1202 1251 1298 1316 uitam

47 1355 80 1417 1⁰
107 1351 226 1418 mediis
257 1351 507 1416 extraordinariis
536 1352 568 1416 et
597 1352 631 1415 2⁰
659 1351 751 1415 nimis
782 1351 866 1415 daris
897 1371 926 1416 v.
953 1371 983 1434 g.
1014 1353 1198 1420 abscissione
1228 1375 1298 1420 eru·

43 1459 90 1522 ris
116 1459 194 1533 etc,
219 1455 264 1519 vel
290 1457 324 1518 ut
345 1454 437 1538 (lurp
459 1454 491 1537 (l.
518 1475 544 1520 c.
567 1474 597 1522 n.
621 1455 689 1519 311.
711 1456 756 1540 3),
780 1475 841 1520 non
863 1456 961 1521 teneri
986 1475 1074 1539 quem
1103 1458 1135 1521 10
1156 1459 1300 1523 remediis

42 1557 317 1636 extraordinariis,
348 1559 404 1623 aut
428 1560 462 1623 20
485 1578 563 1640 quae
587 1556 754 1624 marimum
780 1559 913 1624 dolorem
938 1559 1078 1637 afferant,
1108 1561 1203 1626 vitam
1228 1583 1300 1628 oon·

43 1682 191 1730 servare.

158 1777 246 1858 Quae
270 1775 349 1839 duae
372 1773 561 1840 conditiones
584 1793 643 1840 nou
663 1775 769 1840 adesse
784 1776 816 1838 in
833 1794 975 1841 caesarea
990 1776 1124 1841 sectione
1140 1775 1295 1842 videntur.

44 1882 133 1945 Nam
161 1877 221 1943 etsi
252 1898 310 1943 non
341 1877 489 1943 assentire
519 1878 596 1943 volis
625 1878 736 1956 staur,
770 1879 859 1962 quil)
893 1878 1181 1944 ›extraordinariis‹
1214 1879 1299 1960 ponit

44 1983 184 2068 aequale
207 1982 428 2058 »temerariis«
454 1983 486 2046 et
507 1981 534 2046 si
553 1981 759 2066 intelligimus
780 1983 1067 2049 ›extraordinariis‹
1087 1983 1117 2047 in
1138 2001 1229 2048 sensu
1244 2001 1299 2049 suo

44 2087 189 2170 proprio,
212 2085 243 2148 id
267 2103 340 2150 sane
363 2085 418 2149 illa
440 2087 552 2162 aetate,
577 2105 637 2169 qua
657 2086 804 2168 scripsere
823 2086 912 2152 citati
930 2089 1080 2166 auctores,
1103 2086 1221 2165 valuit,
1245 2087 1298 2150 sed

44 2209 108 2256 non
135 2189 273 2271 amplius
295 2189 400 2254 nostra
422 2189 535 2269 aetate,
560 2208 629 2253 cum
653 2208 817 2273 progressu
841 2191 918 2256 artis
938 2191 1108 2256 medicinae
1142 2191 1300 2273 »spectata

45 2295 117 2360 arte
144 2293 322 2376 chirurgica
346 2311 404 2357 non
425 2293 489 2357 iam
512 2293 754 2358 extraordinaria
775 2313 822 2359 res
847 2294 958 2378 sit⁴)‹,
989 2293 1082 2359 sicuti
1105 2293 1187 2358 clare
1211 2294 1300 2359 docet

44 2397 230 2479 exemplum
261 2396 484 2479 amputationis
514 2395 645 2461 membri
677 2397 836 2464 collatum.
883 2398 1009 2462 Dolores
1039 2398 1142 2462 autem
1172 2397 1298 2462 maximi

46 2500 199 2566 adhibito
222 2499 447 2576 chloroiormio,
478 2499 611 2577 aethere,
637 2501 837 2566 evacuatione
859 2500 1021 2586 sanguinis
1044 2499 1220 2565 artifialiter
1244 2500 1299 2565 ad-

45 2605 148 2670 ducta
173 2603 318 2668 methodo
342 2603 521 2668 ldmarchico
545 2605 603 2670 etc.
628 2603 676 2669 vel
698 2606 821 2670 omuino
846 2605 997 2671 tolluntur
1020 2604 1067 2670 vel
1091 2603 1210 2669 minimi
1228 2604 1299 2668 red-

46 2709 188 2782 duntur,
213 2707 304 2772 sicuti
325 2707 387 2771 iam
411 2726 503 2789 supra
526 2707 740 2772 adnotavimus
750 2707 786 2793 ⁵).
822 2709 1065 2792 Capellmoaffl)
1089 2709 1214 2785 latetur,
1239 2707 1297 2772 sibi

47 2831 144 2894 saepe
165 2809 357 2876 occasionem
380 2809 476 2876 luisse
502 2811 693 2888 obseruandi,
716 2811 933 2878 chlorolormio
957 2814 1052 2879 etiam
1075 2831 1135 2876 non
1158 2811 1297 2876 adhibito

47 2919 160 2980 tamen
185 2914 305 2979 dolores
327 2913 401 2978 talis
424 2915 609 2997 operationis
632 2915 787 2980 ordinario
810 2917 906 2981 animi
938 2918 1044 2982 robore
1073 2935 1133 2982 non
1161 2933 1227 2981 esse
1250 2917 1298 2979 in·

48 3017 255 3084 tollerabiles.
301 3017 457 3083 Timorem
479 3017 710 3101 praecedentem
734 3021 868 3100 peiorem
892 3021 1068 3102 operatione
1091 3022 1157 3102 ipsa
1179 3038 1254 3084 esse.

158 3130 248 3212 Quod
270 3130 401 3214 denique
423 3131 544 3213 spectat
565 3129 602 3196 ad
626 3129 759 3194 salutem
783 3130 911 3195 intentis
935 3131 992 3196 teli
1016 3131 1150 3196 remedio
1172 3132 1297 3210 omisso,

47 3238 78 3304 S.
110 3235 284 3318 decanatu
308 3235 499 3318 interrogat:
537 3233 666 3299 »Utrum
702 3233 793 3297 homo
816 3233 920 3317 magis
944 3234 1054 3299 debeat
1076 3235 1206 3319 diligere
1229 3254 1298 3317 pro-

46 3342 172 3404 simum
195 3357 288 3421 quam
311 3357 419 3420 corpus
444 3337 616 3419 proprium,
644 3337 677 3401 et
700 3336 784 3402 nisus
809 3337 863 3401 illo
885 3337 919 3404 S.
941 3339 1116 3421 Aopastr'ai
1142 3339 1193 3417 (de
1216 3339 1297 3403 doct.

46 3443 163 3509 christ.
202 3443 222 3507 l.
263 3441 291 3505 1.
329 3461 375 3524 cp.
412 3441 464 3505 27.
502 3440 558 3506 col.
596 3441 644 3504 19.
685 3442 707 3505 t.
743 3441 778 3525 3)
813 3441 927 3506 soluite
972 3441 1140 3523 proximum
1187 3442 1296 3524 magis,

46 3546 135 3629 quod
172 3544 210 3609 ad
241 3545 362 3612 animae
389 3544 520 3609 salutem
553 3545 666 3610 attinet
695 3561 787 3628 quam
814 3563 922 3628 corpus
945 3545 1099 3628 proprium
1124 3563 1159 3610 er
1195 3546 1298 3609 ohari-

46 3653 117 3715 tete
149 3647 280 3731 diligere
312 3649 450 3714 homines
479 3649 653 3714 tenentur<
699 3647 787 3712 adde
809 3647 938 3727 deinde,
969 3647 1049 3731 quod
1075 3648 1112 3714 D.
1142 3649 1196 3727 D.‚
1228 3667 1296 3712 eum

46 3753 212 3828 asserant,
249 3753 379 3816 matrem
412 3752 506 3817 etiam
531 3753 628 3817 morte
650 3753 735 3817 certa
758 3751 959 3830 imminente,
992 3753 1018 3816 si
1041 3771 1110 3834 spes
1134 3752 1296 3836 affulgeat,

1 4001 2 4092 l
159 3971 188 4124 t
207 3973 226 4112 l
244 3987 268 4112 t.
283 3969 366 4112 tl:
382 3987 411 4124 l
426 3970 500 4125 ar.
521 4056 544 4112 ι.
563 4072 589 4111 r.
608 4057 632 4112 ⁵.

161 4145 190 4213 3)
209 4145 227 4200 l.
246 4161 266 4199 c.
284 4160 347 4212 pag.
365 4142 425 4198 300.

160 4231 189 4300 4)
210 4231 389 4292 Lehmlrnhl,
408 4229 426 4283 l.
444 4245 467 4283 c.
485 4229 507 4284 1.
526 4245 552 4283 n.
573 4230 624 4283 572
641 4245 694 4282 non
714 4229 850 4298 loquitur,
869 4232 960 4282 tamen
979 4227 1012 4280 do
1031 4227 1147 4281 sectione
1167 4241 1298 4280 caesarea.

1 4311 2 4382 ζ
51 4319 148 4388 hique
172 4316 243 4370 idem
266 4319 359 4370 auctor
382 4318 454 4369 recte
482 4318 587 4381 monet,
615 4314 855 4370 extraordinarium
884 4316 962 4368 etiam
994 4307 1134 4367 diiudicari
1162 4329 1237 4381 posse
1267 4327 1297 4364 er

1 4407 2 4466 j
51 4407 183 4458 »horrore
200 4418 326 4471 magum«
352 4417 404 4470 qua
424 4400 484 4471 quis
502 4403 618 4455 atrocem
639 4400 822 4469 operationem
841 4397 929 4456 timet.
965 4401 997 4454 cl.
1017 4397 1296 4462 scaphusenses.

160 4488 188 4553 5)
206 4504 270 4556 pag.
289 4488 331 4542 80.

160 4577 186 4638 6)
206 4577 275 4641 past.
296 4574 364 4630 mad.
384 4591 446 4644 pag.
463 4575 505 4629 23.

160 4659 187 4730 7)
207 4660 226 4714 1.
243 4677 264 4712 c.
284 4660 320 4726 11,
339 4659 363 4713 2.
382 4677 408 4729 q.
426 4661 468 4715 26.
487 4676 512 4714 a.
530 4655 556 4716 5ss
