3142 5204
299 364 431 422 Abortae
451 367 486 422 irc
506 371 574 422 arec
593 368 712 423 medico
732 367 881 422 trieterica
898 367 1049 435 synopsis.
1255 330 1288 412 ΙΙ9

65 543 118 604 tum
142 537 314 616 adiurare,
348 539 400 603 ubi
428 539 541 618 matri,
574 541 601 604 si
624 537 795 622 graviditas
818 538 856 602 ad
880 538 1056 622 legitimum
1080 538 1173 602 linem
1196 558 1291 622 usque

61 643 244 725 perducatur,
267 643 466 708 manifestum
484 645 515 709 ct
530 643 708 708 inevitabile
726 643 806 707 vitae
823 643 985 708 discrimen
1002 643 1193 708 subeundum
1212 645 1287 707 ast«

61 747 199 813 laedium
227 749 258 812 et
289 747 494 832 repugnantia
524 748 615 813 buius
645 750 752 832 partus
776 747 886 827 medii,
922 767 999 831 quae
1033 747 1123 812 initio
1157 747 1291 812 modicos

61 852 155 928 tenuit,
179 852 236 916 ubi
261 851 328 917 nita
350 851 479 917 infantis
501 853 565 918 rita
586 853 694 918 matris
718 853 854 935 aequalis
877 852 969 935 pretii
986 852 1163 935 habeturl),
1188 851 1290 927 demit,

62 957 95 1020 ila
114 958 148 1022 ut
170 955 240 1021 fere
264 975 370 1022 omnes
394 956 431 1021 de
454 957 545 1041 partu
568 960 627 1022 etc.
657 957 822 1040 scriptores
846 959 877 1021 et
900 957 1040 1021 doctores
1063 955 1172 1021 modici
1197 957 1294 1040 agant

62 1061 89 1124 de
106 1061 220 1125 abortu
245 1061 294 1125 uti
311 1061 348 1126 dc
365 1061 464 1126 medio
485 1062 591 1144 partus
608 1061 640 1126 iu
664 1061 818 1126 nonnullis
839 1061 960 1124 casibus
976 1060 1111 1144 regulari
1129 1062 1161 1124 ct
1176 1061 1292 1143 saepis·

62 1165 122 1229 sime
136 1166 272 1231 usitato.
297 1163 479 1248 Scauzoni²)
496 1165 638 1249 proponit
653 1167 684 1230 ct
699 1165 836 1230 defendit
855 1166 902 1241 10,
926 1165 1082 1230 Cornelius
1100 1167 1131 1229 et
1148 1165 1247 1228 Hutsr
1259 1165 1291 1242 9,

63 1269 164 1352 bumpc
189 1271 222 1347 7,
246 1269 344 1354 spato
369 1272 399 1347 6,
422 1269 575 1336 Sebrddcr
599 1273 628 1348 5,
652 1270 757 1352 Lange
780 1270 810 1344 4,
833 1269 935 1334 Hoble
956 1269 987 1334 et
1008 1269 1145 1334 Horwita
1171 1269 1183 1332 l
1212 1269 1291 1333 indi-

62 1373 195 1451 cationes,
222 1375 335 1458 quibus
357 1375 483 1441 abortus
507 1375 650 1459 erigitur.

148 1495 310 1562 Scbroder
328 1497 420 1563 affert
443 1497 536 1562 etiam
550 1495 576 1582 ³)
600 1498 619 1562 8
633 1497 802 1575 methodos,
819 1497 930 1580 quibus
946 1515 999 1579 per
1015 1495 1149 1562 medicos
1166 1496 1292 1560 abortus

63 1602 209 1680 provocari
234 1601 324 1666 solet.
357 1603 396 1666 m
419 1621 490 1666 cum
515 1603 622 1666 auctor
644 1602 769 1666 abortus
792 1601 964 1666 artificialis
985 1600 1164 1666 recentioris
1180 1602 1292 1666 estatis

63 1725 164 1788 nempe,
191 1705 358 1770 Guielmus
383 1705 508 1789 Coeper,
532 1725 670 1790 expresse
693 1726 709 1768 a
735 1706 787 1768 Dr.
808 1706 930 1770 Hunter
951 1705 1075 1787 petierit
1087 1707 1135 1788 4):
1175 1724 1293 1770 »nonne

62 1809 83 1870 in
103 1811 247 1885 casibus,
283 1811 336 1875 ubi
363 1811 492 1893 positive
523 1813 570 1874 est
600 1811 777 1894 cognitum,
813 1809 962 1874 infantem
995 1827 1050 1874 suo
1073 1811 1210 1892 ternpore
1234 1829 1291 1874 uon

63 1915 133 1996 gigni
161 1915 380 1998 possevinum
406 1915 454 1978 via
475 1914 628 1993 naturali,
660 1914 739 1979 ratio
768 1921 799 1978 ct
825 1914 1014 1979 conscientia
1037 1915 1227 1990 sutoriaeut,
1260 1915 1295 1978 ut

62 2019 187 2084 miretur
212 2022 328 2094 mater,
361 2020 399 2084 ad
428 2019 617 2084 tentationes
645 2021 734 2102 aptas
757 2038 918 2102 provocare
943 2019 1119 2095 abortum«
1158 2021 1190 2082 ot
1223 2037 1292 2083 curn

63 2121 209 2209 lieculay,
234 2123 287 2207 qui
311 2123 427 2206 primus
451 2124 565 2188 abhinc
587 2123 709 2188 circiter
735 2124 795 2187 120
812 2142 906 2188 anuos
922 2124 1043 2204 partum
1062 2126 1293 2205 praematurum

64 2226 86 2287 in
106 2227 268 2292 nonnullis
292 2228 414 2293 casibus
438 2227 484 2292 uti
510 2247 546 2292 er
573 2247 605 2293 se
636 2230 763 2310 apparet
794 2227 915 2292 licitum
945 2227 1150 2310 proponebat,
1180 2227 1295 2291 multos

65 2331 248 2398 adversarios
272 2331 423 2397 invenerit
446 2332 619 2413 (Ostendes,
645 2333 741 2409 Steiu,
764 2333 852 2415 Jbrg,
878 2331 1084 2413 Bsudcloque,
1110 2333 1146 2395 A.
1169 2331 1294 2406 Dubois,

64 2433 188 2500 dardien
226 2437 345 2518 atel),
377 2440 408 2502 et
438 2435 640 2520 Spicgslberg
673 2437 833 2502 recentiori
869 2438 972 2500 aetate
1005 2436 1132 2518 probare
1158 2429 1294 2512 conetur,

66 2543 287 2618 praematurum
316 2542 381 2606 erte
409 2542 532 2623 partum
561 2561 618 2605 non
645 2543 743 2606 solum
773 2561 831 2606 uon
856 2541 1014 2624 prodesse,
1048 2538 1099 2604 sed
1126 2539 1242 2604 directe
1264 2541 1297 2604 et

65 2643 141 2709 matri
166 2645 200 2710 et
225 2645 320 2710 loetui
350 2663 475 2712 nocere:
509 2645 643 2710 asseclae
671 2645 797 2710 abortus
832 2643 976 2710 artoialis
1010 2663 1090 2708 nunc
1123 2662 1181 2707 nou
1214 2642 1296 2708 tanti

64 2763 116 2812 esse
135 2750 271 2830 putant,
295 2749 333 2815 de
355 2749 420 2816 eius
446 2750 584 2815 liceitatc
612 2749 787 2832 disputare,
811 2748 862 2813 sed
890 2768 956 2812 eam
981 2748 1198 2830 praesumunt;
1221 2746 1294 2830 quin

63 2847 142 2916 immo
166 2855 314 2918 asserunt
338 2855 498 2919 »abortum
524 2855 590 2918 arte
613 2854 811 2937 provocatum
833 2852 853 2919 i.
870 2871 895 2918 s.
914 2851 1168 2934 interruptionem
1194 2850 1296 2934 gravi·

63 2953 158 3020 ditatis
181 2957 325 3022 morbum
353 2957 486 3041 aliquem
517 2957 679 3022 amovendi
706 2976 799 3022 causa
818 2955 990 3040 legitimam
1014 2955 1137 3021 omnino
1160 2956 1191 3019 et
1215 2955 1296 3038 posi·

63 3058 145 3126 tieem
167 3061 271 3128 basim
293 3061 405 3126 bebere
414 3063 469 3146 1),ιε

153 3237 185 3302 7.
226 3237 269 3300 llo
299 3237 400 3320 magis
431 3236 577 3302 laudandi
607 3238 679 3302 sunt
702 3235 759 3300 viri
783 3236 920 3300 timorati
945 3237 976 3300 et
1000 3234 1220 3312 eruditissimi,
1243 3235 1295 3319 qui

64 3337 133 3403 hunc
164 3359 301 3406 errorem
333 3342 482 3406 scientiae
509 3341 701 3406 medicinalis
724 3340 912 3422 cognoscunt
935 3341 966 3403 et
990 3341 1021 3402 in
1046 3340 1167 3422 publico
1188 3340 1220 3404 et
1243 3359 1297 3422 pa·

66 3438 114 3506 lam
137 3446 302 3526 respuunt,
326 3445 373 3510 uti
396 3446 450 3510 Dr.
471 3445 670 3528 Capellmann
694 3445 724 3507 iu
746 3443 890 3524 opusculo
914 3443 1025 3508 iterum
1049 3443 1161 3509 citato:
1185 3444 1230 3508 De
1246 3463 1297 3508 oc·

65 3545 168 3610 cisione
189 3547 312 3626 foetus,
336 3549 367 3612 et
389 3548 422 3612 iu
446 3549 525 3614 libro
548 3547 842 3623 Pastoralmedieln,
866 3548 898 3611 et
923 3547 975 3612 Dr.
1000 3547 1104 3626 siem,
1129 3549 1161 3613 ct
1183 3547 1235 3612 Dr.
1263 3548 1295 3614 u.

65 3666 85 3712 r.
104 3650 209 3716 Oileus
233 3650 320 3716 libris
342 3650 417 3717 itern
440 3651 617 3735 inscriptis,
652 3653 703 3732 qui
737 3653 834 3715 totam
869 3650 1080 3733 quaestionem
1105 3652 1298 3733 pertractant

66 3749 138 3817 ducti
163 3761 198 3819 et
221 3755 303 3820 docti
326 3755 484 3839 principiis
504 3775 539 3820 er
560 3756 675 3820 lumine
699 3755 852 3831 naturali,
881 3755 947 3819 iure
972 3755 1125 3832 naturali,
1157 3753 1297 3819 doctrina

66 3854 224 3923 christiana
248 3857 427 3942 desumptis.
474 3861 616 3926 Fortasse
640 3858 700 3923 huc
722 3859 930 3923 numerandus
952 3858 994 3921 sit
1017 3860 1049 3922 ct
1071 3857 1178 3922 Kiliau
1188 3860 1222 3940 1).

67 4011 366 4028 ’““---

156 4101 184 4168 1)
206 4101 366 4166 Sebrddcr,
384 4105 402 4158 l.
421 4120 443 4158 c.
462 4121 526 4174 pag.
544 4103 605 4158 256.

155 4187 185 4253 2)
207 4187 254 4242 Dr.
275 4188 565 4257 (lupencemarcha.
584 4208 610 4259 p.
629 4192 654 4244 3.

157 4275 188 4341 3)
209 4275 369 4340 Schrader,
388 4276 406 4331 1.
425 4293 446 4331 c.
465 4294 526 4346 pag.
545 4279 605 4332 256.

157 4359 186 4426 4)
208 4359 335 4431 suaper,
355 4361 374 4415 l.
394 4378 416 4417 c.
435 4364 488 4418 vol.
507 4363 553 4419 IV.
575 4381 601 4432 p.
618 4364 677 4418 271.

156 4447 185 4515 5)
208 4448 353 4510 Hcrwr'ts,
371 4448 531 4504 Kbustliche
550 4449 723 4519 Frllbgeburt
741 4449 796 4504 und
815 4447 946 4505 Abortus,
964 4445 1060 4500 (liesca
1083 4444 1155 4504 1881,
1175 4459 1235 4514 pag.
1254 4445 1277 4498 2.

159 4531 189 4599 6)
210 4533 355 4597 Horruits,
372 4535 390 4588 l.
409 4551 431 4589 c.
450 4551 513 4604 pag.
532 4537 574 4588 69.

159 4618 188 4686 7)
206 4617 314 4689 operat.
333 4622 402 4689 part.
430 4621 505 4675 Bonn
527 4619 601 4676 1849.
