3142 5204
279 296 320 368 28
470 318 683 387 Heidevrrec'ct,
703 319 781 378 Dias.
801 322 836 378 in
855 336 916 376 cue.
935 321 991 378 alt.
1007 325 1103 378 coust.
1124 319 1230 391 apost.
1249 321 1346 378 Sedis.

279 491 368 571 tium,
394 491 529 576 alioquin
552 491 643 557 homo
667 511 723 556 non
748 494 829 557 esset
852 512 905 559 cns
926 495 1092 578 singulare,
1117 494 1161 558 ita
1184 495 1216 560 et
1236 493 1266 559 iu
1289 495 1400 564 fiendo.
1440 496 1535 561 Nam

278 597 382 663 eodem
415 596 504 662 modo
533 615 581 661 res
611 599 643 661 et
670 598 717 662 est
744 599 775 663 et
805 597 850 662 fit.
896 598 997 680 Quare
1026 599 1120 664 etiam
1154 599 1300 665 libertus
1328 601 1537 666 Formandus

277 701 412 766 animam
438 701 646 785 vegetativam
670 704 701 768 et
724 702 903 767 sensitivam
927 704 963 768 ut
982 703 1169 787 superfluam
1193 705 1355 790 respuit).

381 804 414 871 Si
437 806 541 870 autom
566 806 749 872 Aristoteles
770 806 846 872 dicit
868 806 1023 872 hominem
1046 807 1130 891 prius
1152 808 1255 874 vivere
1271 809 1366 874 vitarn
1384 811 1536 893 plantae,

278 910 388 976 deinde
409 910 554 976 animalis
577 912 609 974 et
631 909 754 976 tandem
778 910 921 990 hominis,
956 911 1014 976 hoo
1037 911 1190 996 iutelligit
1220 933 1279 978 nou
1309 913 1347 978 de
1370 913 1538 997 principio

278 1015 377 1095 vitae,
411 1015 464 1080 sed
496 1014 534 1079 de
566 1014 631 1080 eius
662 1015 908 1098 operationibus,
936 1016 971 1082 ut
990 1017 1106 1100 optime
1128 1018 1210 1082 idem
1237 1017 1445 1084 Florentinius
1472 1020 1539 1084 de·

278 1120 480 1200 monstrata).

382 1223 469 1290 Unde
493 1223 586 1289 etiam
611 1242 668 1288 non
694 1223 775 1290 valet
798 1224 919 1304 dicere,
950 1225 1086 1291 animam
1109 1227 1294 1292 rationalem
1318 1245 1377 1293 non
1398 1246 1467 1294 esse
1498 1229 1539 1293 in

278 1329 381 1407 foetu,
406 1328 478 1412 quia
501 1329 567 1392 eins
594 1329 675 1394 actio
699 1348 759 1394 non
782 1331 945 1412 appareat;
983 1349 1054 1394 nam
1086 1331 1112 1394 si
1143 1331 1222 1397 hauc
1257 1331 1400 1415 respicis,
1425 1331 1538 1398 etiam

279 1433 380 1498 dicero
403 1432 511 1511 debes,
541 1432 676 1498 animam
708 1433 889 1498 rationalem
919 1434 1042 1499 infundi
1064 1435 1215 1500 infantem
1238 1435 1300 1502 iam
1325 1436 1538 1519 aliquantum

278 1539 405 1614 natum;
430 1537 539 1602 deiude
560 1538 676 1620 optime
699 1537 761 1602 iarn
787 1536 956 1622 Gregorius
972 1539 1103 1622 Nyssen.
1124 1540 1288 1624 scribitllz
1311 1539 1474 1606 Nimirum
1494 1543 1541 1608 ut

277 1641 309 1705 iu
328 1641 426 1708 tritici
442 1661 539 1726 grano
562 1641 609 1706 vel
633 1643 739 1724 quovis
762 1642 824 1708 alio
846 1643 962 1708 semine
984 1645 1082 1709 totam
1106 1644 1207 1726 spicae
1231 1644 1279 1709 vel
1301 1644 1427 1729 frugum
1451 1665 1536 1710 ma-

278 1747 418 1811 turarum
441 1747 573 1830 speciem
608 1747 761 1828 potestate
792 1746 884 1811 sicuti
911 1748 1065 1833 loquimur
1097 1748 1347 1830 comprehensam
1377 1749 1539 1828 dicimus,

278 1855 310 1916 et
329 1851 457 1917 herbam
482 1852 513 1916 et
536 1851 670 1914 culmum
695 1856 726 1916 et
747 1849 920 1916 internodia
945 1854 975 1917 et
999 1853 1134 1918 tructnrn
1151 1855 1183 1917 et
1199 1854 1330 1920 aristas:
1354 1873 1424 1918 curn
1442 1854 1539 1920 nihil

278 1955 387 2020 horum
412 1955 510 2019 altero
531 1957 561 2019 iu
586 1957 697 2020 natura
720 1956 804 2040 prius
826 1956 928 2038 reipsa
950 1957 1094 2036 exsistat,
1125 1957 1174 2024 rel
1196 1959 1314 2023 oriatur
1334 1959 1444 2032 citius,
1472 1962 1539 2026 sed

279 2058 416 2124 naturali
438 2059 544 2125 ordine
567 2059 690 2124 tandem
715 2060 809 2126 insita
832 2060 940 2125 semini
963 2061 1096 2126 lacultas
1119 2061 1186 2146 ipsa
1200 2064 1359 2146 appareat,
1384 2063 1477 2128 nulla
1501 2065 1539 2130 in

279 2183 383 2231 semen
406 2164 467 2228 alia
493 2183 525 2228 se
549 2165 659 2228 natura
682 2163 871 2230 extrinsecus
894 2165 978 2230 velut
1001 2165 1196 2232 insinuante:
1226 2168 1271 2232 sic
1294 2167 1389 2232 etiam
1410 2169 1537 2234 existi—

280 2286 401 2333 mamus
423 2268 558 2334 humano
577 2269 608 2332 iu
631 2269 764 2346 semine,
788 2287 856 2334 cum
880 2269 970 2335 homo
991 2269 1123 2353 primunr
1146 2271 1255 2354 incipit
1276 2271 1363 2350 oriri,
1387 2271 1540 2338 faculta-

279 2373 342 2438 tem
368 2374 540 2438 naturalem
565 2372 716 2438 contineri
738 2374 830 2438 simul
854 2393 924 2438 cnm
944 2373 1010 2457 ipso
1031 2377 1213 2441 excreatam.
1249 2376 1338 2442 Hanc
1362 2394 1453 2459 porro
1473 2399 1541 2445 na-

279 2478 374 2541 turali
398 2477 531 2560 quadarn
556 2478 776 2562 progressionis
803 2479 881 2544 serie
908 2479 947 2543 ad
970 2479 1188 2562 perlectionem
1213 2479 1260 2544 sui
1283 2481 1537 2548 contendentem

279 2581 430 2664 paulatim
453 2600 485 2646 se
509 2582 660 2664 explicare
684 2601 719 2646 ac
742 2584 932 2666 patefacere,
969 2603 1027 2649 non
1061 2584 1142 2668 quod
1178 2584 1367 2650 extrinsecus
1402 2585 1538 2668 aliquid

278 2685 422 2767 recipiat,
453 2685 540 2750 cuius
569 2685 599 2750 vi
622 2686 660 2750 ad
684 2705 751 2751 earn
775 2689 823 2752 sui
844 2687 1062 2770 perlectionem
1085 2688 1292 2771 adipiscatur,
1323 2689 1376 2754 rod
1399 2693 1542 2773 propria

279 2790 310 2854 vi
333 2789 372 2853 ad
395 2808 462 2854 earn
487 2788 636 2872 paulatim
662 2791 861 2873 proficiendas
882 2792 1021 2875 pervenit
1044 2843 1050 2857 .
1074 2845 1080 2860 .
1105 2842 1112 2859 .
1139 2793 1249 2858 .Naur
1273 2795 1310 2858 ut
1332 2793 1364 2858 in
1386 2794 1541 2875 homine,

279 2892 332 2975 qui
355 2895 491 2959 aetatem
515 2895 552 2958 ad
576 2894 730 2980 integram
754 2897 908 2977 pervenit,
934 2898 966 2961 et
988 2897 1068 2962 inter
1092 2897 1271 2980 grandiores
1293 2899 1448 2975 censetur,
1477 2903 1540 2966 at-

279 2998 428 3063 lectiones
451 2999 546 3064 animi
571 3000 632 3064 iam
657 2999 820 3066 manifesto
842 3002 1000 3084 apparent,
1025 3003 1068 3065 sio
1091 3003 1176 3067 ortus
1193 3002 1291 3069 nostri
1306 3001 1406 3079 initio,
1431 3009 1543 3086 prout

279 3103 345 3168 turn
370 3122 418 3168 res
441 3103 589 3186 postulat,
612 3104 658 3168 lta
681 3123 747 3169 sese
770 3104 986 3170 convenienter
1009 3105 1146 3171 actiones
1170 3105 1266 3170 animi
1292 3106 1478 3172 declarant«
1507 3164 1542 3178 ,,

382 3206 508 3289 Optime
531 3210 563 3272 et
586 3209 624 3274 cl.
651 3208 892 3293 dopoumaoou
914 3209 1067 3287 ostendit,
1091 3209 1185 3275 etiarn
1209 3211 1294 3276 intra
1316 3211 1453 3277 hominis
1485 3217 1543 3280 vi-

278 3312 343 3375 tam
366 3315 452 3377 entra
474 3313 594 3376 uterum
620 3314 729 3378 matris
753 3331 819 3379 esse
842 3315 1000 3379 momenta
1020 3315 1052 3379 et
1074 3316 1185 3392 status,
1210 3315 1262 3379 uhi
1286 3315 1431 3380 ridentur
1455 3335 1542 3384 ces-

278 3433 348 3480 sare
370 3417 560 3498 operationes
584 3417 704 3482 animae
727 3417 905 3496 rationalis,
926 3437 954 3482 v.
978 3437 1009 3501 g.
1032 3419 1062 3483 in
1086 3437 1211 3499 somno,
1236 3419 1310 3502 quin
1335 3419 1404 3502 quis
1429 3439 1468 3486 ex
1499 3443 1544 3490 eo

279 3519 429 3586 deducere
452 3523 579 3586 conetur
602 3521 775 3586 absentiam
799 3521 922 3586 animae
942 3522 1149 3608 rationales).

382 3626 411 3690 8.
436 3626 611 3702 Praeterea,
636 3627 671 3690 ut
694 3625 923 3691 demonstretur
947 3626 1083 3692 animam
1106 3627 1290 3692 rationalem
1313 3646 1379 3693 esse
1395 3627 1542 3698 unicum

280 3729 361 3794 vitae
385 3729 536 3796 humanae
553 3729 735 3813 principium
752 3731 784 3794 et
799 3730 830 3794 in
847 3731 1021 3815 ombryone,
1045 3748 1103 3796 non
1120 3731 1285 3797 abhorreat
1300 3733 1541 3813 argumentum

277 3853 313 3898 er
336 3834 505 3900 cessatione
528 3834 670 3918 principii
695 3834 778 3898 vitae
800 3834 832 3898 in
856 3835 979 3900 homine
1003 3833 1209 3918 desumptum.
1259 3835 1359 3902 Sicuti
1383 3835 1469 3901 enim
1501 3841 1541 3906 in

278 3939 376 4004 morte
397 3938 499 4004 anima
522 3938 665 4003 rationali
690 3939 794 4021 elapsa
825 3956 930 4004 omues
963 3938 1136 4004 functiones
1172 3958 1261 4006 verae
1295 3941 1438 4019 cessant,
1482 3943 1540 4011 ita

277 4041 424 4108 inchoant
446 4041 552 4108 eodem
574 4042 773 4127 principles).

383 4251 408 4322 1)
427 4253 467 4307 De
484 4252 573 4307 anima
592 4252 610 4307 1.
631 4252 655 4306 1.
673 4267 713 4319 cp.
732 4250 769 4305 Π.
786 4252 838 4304 art.
857 4250 873 4304 9
891 4267 954 4321 pag.
974 4251 1290 4320 1v8(nonemooer.1.
1310 4270 1332 4308 c.
1352 4269 1414 4323 pag.
1435 4253 1497 4324 58).

381 4338 408 4406 2)
427 4340 446 4394 l.
465 4356 487 4395 o.
504 4355 567 4409 pag.
587 4339 620 4394 23
638 4340 666 4394 et
685 4354 760 4408 seqq.

381 4425 409 4487 3)
426 4427 466 4481 De
483 4427 583 4482 homin.
604 4425 667 4494 opii.
687 4425 704 4478 l.
724 4441 747 4480 c.
761 4441 800 4495 cp.
820 4425 854 4481 29
874 4443 934 4498 pag.
954 4426 1013 4493 235,
1031 4426 1091 4482 238.

381 4512 409 4582 4)
430 4513 468 4568 lle
487 4515 563 4568 occis.
583 4513 678 4568 foetus.
697 4528 760 4584 pag.
780 4513 813 4567 16
831 4515 859 4568 et
878 4530 952 4584 seqq.

382 4598 409 4667 5)
429 4600 461 4654 cl.
481 4603 681 4664 Errnemoser,
700 4598 721 4653 l.
738 4615 760 4654 c.
779 4615 842 4670 pag.
861 4599 904 4666 59,
923 4599 964 4665 62,
983 4600 1025 4655 63.

383 4686 410 4755 d)
429 4689 578 4753 Floreat,
596 4686 614 4744 1.
634 4703 656 4742 c.
674 4685 742 4756 disp.
760 4687 783 4742 l.
799 4689 864 4744 sect.
882 4687 920 4742 11.
939 4703 968 4743 n.
988 4685 1027 4742 18.
1093 4731 1099 4742 .
