3142 5204
548 284 685 342 Censura
702 283 836 340 obortus.
1258 267 1299 336 93

30 499 239 582 pharmaca,
279 471 316 536 et
339 469 416 531 tune
436 479 505 526 vere
528 459 559 522 et
582 455 701 537 proprio
724 453 863 518 abortum
893 467 952 514 nou
982 466 1155 533 procurans,
1189 456 1244 520 sed
1267 475 1303 522 oa

30 585 213 666 dumtaxat
243 568 429 660 praestant,
453 562 564 646 quibus
587 560 765 640 procuretur
786 555 919 620 abortus.
940 589 978 602 -
1003 552 1034 618 Si
1057 553 1206 635 posterius
1229 581 1303 644 quo-

31 711 157 780 cunque
187 679 303 750 modo
328 667 533 752 cooperantur
555 662 619 728 sire
639 658 782 725 mandato
809 657 872 724 sire
899 657 1024 722 oonsilio
1052 657 1148 722 aliave
1176 664 1305 746 ratione,

32 808 59 872 hi
82 813 172 866 sane
198 804 273 854 non
302 776 379 842 suot
402 769 523 854 proprie
539 764 744 850 procurantes,
768 763 820 828 sed
837 760 1017 828 mandantes
1036 780 1205 846 procurare,
1231 790 1304 838 oon.

32 901 183 976 solentes
202 891 285 978 {ete
321 879 368 943 De
392 869 622 938 consulentibus
644 866 727 930 nulla
749 883 820 930 sane
842 865 979 948 quaestio
998 867 1054 934 est.
1096 864 1309 942 Communiter

32 1007 147 1077 dicunt
163 999 211 1064 D.
229 991 288 1065 D.,
308 999 361 1048 ees
375 979 454 1042 hanc
467 971 808 1039 excommunicationem
825 989 882 1034 non
898 969 1060 1038 incurrere.
1085 970 1129 1034 De
1141 979 1309 1048 mandante

32 1121 61 1184 ot
78 1111 257 1176 timorem
276 1083 456 1152 incutiente
470 1077 524 1144 alii
540 1075 704 1152 affirmant,
728 1075 800 1158 quia
823 1091 891 1140 uere
914 1076 986 1140 suot
1008 1095 1061 1158 per
1076 1076 1151 1142 alios
1166 1079 1309 1151 abortum

1 1247 2 1260 ,
33 1203 292 1304 procurante&
330 1185 385 1252 alii
418 1182 549 1266 negant,
582 1177 656 1260 quia
688 1177 719 1240 in
748 1196 837 1242 sensu
864 1178 985 1246 omnino
1007 1179 1094 1245 obvio
1120 1181 1151 1246 et
1174 1190 1312 1256 naturali

34 1305 267 1407 procurantes
292 1291 440 1358 abortum
463 1285 535 1348 sont
557 1301 609 1364 per
629 1281 751 1363 seipsos,
774 1283 809 1346 ut
824 1281 920 1360 aiunt,
945 1284 1086 1349 abortum
1101 1297 1311 1376 procurantes,

34 1425 121 1492 unde
161 1413 202 1476 in
238 1400 352 1466 vetere
382 1392 467 1465 iure,
498 1385 571 1468 quia
602 1385 760 1468 legislator
791 1388 822 1450 et
843 1385 913 1451 illos
936 1388 1189 1471 comprehendere
1214 1401 1314 1468 voluit

34 1515 231 1611 expressit:
259 1501 318 1586 qui
341 1514 396 1580 per
418 1511 450 1556 se
475 1490 530 1554 ant
552 1506 604 1571 per
625 1488 823 1570 interpositas
845 1508 988 1572 personas
1012 1542 1019 1557 .
1039 1542 1048 1558 .
1069 1544 1077 1560 .
1100 1508 1314 1578 procuraverit

34 1634 72 1700 pf,
101 1623 241 1693 Imurr
267 1622 332 1670 eas.
358 1599 430 1662 39.‹

153 1721 261 1810 Quod
300 1711 422 1796 spectat
459 1707 498 1771 ad
536 1723 607 1783 noe,
653 1706 837 1772 assentimur
879 1709 978 1790 quoad
1022 1714 1207 1784 mandantes
1255 1745 1315 1792 non

36 1827 264 1914 Buceerorro',
305 1815 359 1880 sed
396 1809 567 1877 sententiae
603 1809 672 1874 Jos.
707 1808 887 1890 Persecuti,
926 1814 979 1897 qui
1013 1817 1099 1883 tenet
1131 1825 1316 1896 mandantes

36 1944 132 2016 feriri
174 1915 516 1999 excommunicatione.
578 1912 712 1976 ›Nemo‹
752 1913 797 1978 ait
811 1918 835 2000 1)
878 1919 999 2002 »autem
1030 1920 1174 1992 dubitare
1202 1935 1307 2012 potest

36 2053 117 2138 quin
165 2035 235 2105 gub
276 2020 469 2110 praescripto
506 2018 609 2081 tenore
645 2015 803 2083 uerborum
842 2022 1140 2103 comprehendantur
1176 1984 1317 2104 tantumZ

38 2153 140 2222 modo
169 2129 374 2206 mandantes
397 2173 404 2187 .
431 2171 437 2186 .
462 2169 501 2186 ..
531 2119 598 2184 Non
623 2137 676 2184 nos
699 2121 837 2203 equidem
862 2123 957 2204 latet,
988 2146 1006 2191 a
1038 2131 1191 2220 plerisque
1220 2142 1315 2208 etiam

38 2246 272 2326 mandantem
305 2230 375 2316 post
406 2227 533 2292 Pianam
566 2223 816 2291 constitutionem
851 2227 890 2292 ab
920 2237 1234 2308 excommunicatione
1266 2267 1317 2312 ex-

38 2357 156 2430 eludi;
186 2347 227 2412 at
251 2334 401 2423 profecto.
415 2330 481 2393 sine
505 2327 577 2406 nlla,
602 2329 636 2391 ut
658 2328 744 2394 nobis
761 2329 890 2410 uidetur,
916 2335 1055 2402 ueritatis
1073 2344 1184 2424 specie.
1210 2347 1317 2417 Primo

39 2466 134 2532 11111111
163 2451 250 2520 pius
268 2443 356 2522 Papa
372 2433 426 2500 IX.
444 2432 572 2498 adhibet
585 2432 667 2496 idem
689 2432 814 2498 uerbum
830 2441 1038 2520 procurantes,
1057 2447 1140 2526 quod
1155 2450 1266 2518 xistus
1280 2457 1317 2523 v,

40 2576 73 2636 in
101 2558 223 2628 relato
247 2541 391 2629 superius
414 2537 591 2602 testimonio
613 2535 766 2617 adhibuit,
790 2539 824 2602 at
845 2539 926 2606 inter
949 2553 1150 2626 procurantes
1173 2555 1204 2618 in
1224 2556 1318 2625 huius

40 2653 301 2740 Constitutione
325 2641 468 2709 absolute
490 2640 688 2706 recensendos
710 2659 776 2706 esse
793 2644 983 2726 mandantes,
1006 2652 1130 2720 omnino
1145 2660 1233 2741 petor
1249 2665 1316 2728 tum

43 2798 79 2844 ex
101 2770 143 2836 vi
171 2759 362 2828 verborum:
390 2766 443 2830 per
463 2764 496 2810 se
518 2747 573 2810 aut
597 2745 793 2828 interpositas
816 2767 976 2831 personas;
1006 2755 1073 2820 tum
1101 2763 1176 2842 quia
1206 2763 1318 2833 xistus

43 2881 133 2946 alios
161 2858 386 2944 cooperatores
410 2849 646 2916 constitutionis
669 2849 800 2916 decursu
825 2852 940 2920 diserte
961 2860 1129 2942 expressit;
1154 2869 1233 2950 quod
1258 2891 1314 2954 po-

1 3002 2 3025 *
44 2987 219 3048 stremum
237 2964 317 3030 Pius
335 2959 421 3040 Papa
434 2953 488 3018 lX.
505 2953 728 3037 praetermisit;
746 2955 794 3019 hio
810 2975 882 3040 ergo
898 2957 1045 3027 dicendus
1062 2968 1110 3031 est
1125 2969 1318 3041 instaurasse

46 3079 145 3154 Xisti
171 3075 281 3154 legem
305 3059 407 3147 quoad
431 3059 560 3122 citatam
575 3057 800 3141 paragraphum
817 3060 910 3143 atque
928 3065 1055 3132 uerbum
1074 3080 1315 3154 ›procurantes‹

47 3175 252 3256 adhibuisse
282 3187 318 3234 eo
349 3181 440 3230 seusu
466 3162 499 3225 et
521 3159 711 3240 extensione,
742 3181 803 3246 qua
832 3164 1018 3236 adhibuerat
1047 3171 1168 3244 Xistus.
1213 3179 1319 3266 Igitur

47 3293 159 3360 etiam
188 3277 248 3344 sub
273 3273 373 3337 Piana
396 3265 613 3332 constitutione
642 3265 824 3332 mandantes
855 3276 1169 3348 excommunicatione
1201 3291 1319 3368 percel-

48 3397 194 3463 luntur,
231 3396 303 3443 oum
338 3373 414 3436 haee
444 3369 536 3434 rerba
561 3388 630 3432 curn
653 3370 808 3435 veteribus
830 3375 998 3443 canonibus
1021 3381 1111 3465 plene
1134 3392 1319 3460 concordare

50 3489 268 3583 reperiantur
289 3480 323 3544 et
345 3474 472 3541 vitanda
493 3473 536 3540 sit
558 3472 670 3539 iurium
695 3492 815 3558 pugna,
847 3477 971 3563 insuper
995 3489 1103 3570 negari
1126 3510 1185 3556 non
1210 3499 1308 3576 possit

51 3595 254 3672 mandantes
277 3585 361 3650 inter
379 3579 577 3664 procurantes
600 3575 740 3640 abortum
764 3597 833 3644 vere
856 3585 889 3647 et
912 3587 1032 3671 proprie
1054 3598 1207 3662 recenseri
1227 3550 1317 3684 posse

52 3715 85 3776 ot
115 3702 249 3770 debere,
271 3708 340 3754 cum
362 3684 421 3768 ipsi
444 3683 507 3748 sint
529 3699 621 3746 causa
641 3679 818 3764 principalis
835 3687 961 3754 moralis
981 3693 1108 3762 abortus
1123 3701 1231 3781 ipsius,
1252 3707 1318 3774 sine

53 3812 182 3899 quibus
203 3796 335 3864 abortus
358 3792 480 3854 secutus
503 3805 562 3852 non
586 3784 707 3860 tuisset3
740 3803 828 3851 uerno
859 3788 984 3858 demum
1016 3816 1151 3883 unquam
1180 3805 1318 3876 affirma.

56 3915 165 3987 verit,
193 3902 322 3968 uerbum
348 3911 509 3978 procurare
531 3891 655 3954 innuere
676 3888 827 3954 actionem
850 3893 1010 3978 physicam
1035 3895 1178 3985 tantum;
1201 3913 1316 3980 etenim

54 4021 115 4106 qui
141 4005 318 4098 paralium
340 3996 425 4076 iacit,
449 3994 671 4080 perseipsum
695 3992 794 4060 faeere
814 3995 947 4079 videtur,
971 4006 1007 4068 ut
1030 4007 1095 4074 alia
1118 4009 1148 4076 in
1171 4032 1203 4078 re
1224 4033 1317 4098 pras-

55 4117 319 4192 remittemus«

179 4226 248 4290 »De
276 4220 378 4284 cetero
400 4212 540 4298 quamvis
569 4211 681 4295 aliquis
707 4232 724 4276 e
750 4218 1082 4309 commentatoribus2)
1113 4227 1316 4300 mandantem

58 4322 391 4412 excommunicatione
427 4319 557 4398 eximat,
598 4317 691 4382 ceteri
729 4320 834 4386 autem
867 4322 898 4387 et
932 4328 1193 4408 praestantissimi
1224 4334 1316 4404 illurn

61 4463 389 4498 Ἀ.

177 4554 205 4622 1)
224 4549 244 4603 1.
264 4563 286 4600 c.
304 4555 367 4611 pag.
387 4540 427 4594 la.

176 4640 205 4710 ρ)
224 4635 264 4692 Ει
282 4645 323 4704 gr.
346 4626 424 4682 Daris
443 4625 555 4680 Tractat
575 4624 607 4680 de
625 4625 744 4682 censuris
761 4646 787 4684 n.
807 4630 867 4690 241.
