3000 5086
424 262 626 340 Operatloaea
644 272 680 324 ia
696 270 794 338 portu
811 268 924 325 licitae.
1249 255 1293 324 79

113 445 319 511 tadhibeantur
346 443 498 522 remedia,
531 444 642 527 quibus
675 446 773 509 matre
807 443 968 508 demortua
1000 443 1100 509 foetus
1128 445 1193 512 vita
1224 448 1290 513 sal-

114 550 195 632 turo,
218 552 250 615 et
272 568 368 633 usque
391 547 494 612 adhuc
517 547 598 611 valet
623 549 819 630 praeceptum
843 547 988 612 ecclesiae
1011 547 1130 614 Rituali
1154 549 1291 616 Romano

113 657 190 736 iuml)
226 653 271 716 »si
294 653 393 717 mater
415 669 589 736 praegnans
612 652 734 715 mortua
756 649 866 728 fuerit,
901 651 1001 716 laetus
1032 670 1125 735 quam
1157 653 1290 736 primum

113 761 149 822 rte
169 757 349 822 extrahatur
372 774 425 834 ac,
456 755 483 819 si
506 755 592 819 vivus
616 754 828 837 baptizetur,‹
865 754 945 837 quod
969 755 1081 838 relegit
1103 756 1290 823 Instructiu-

113 862 222 926 storalis
246 860 451 944 llpstetteusis
471 859 518 922 his
537 857 637 922 verbis
646 857 688 941 1);
716 857 765 922 »Si
789 859 919 937 constet,
943 860 1026 923 certo
1049 861 1179 925 matrem
1203 880 1290 944 prae·

113 967 200 1030 tutem
218 967 380 1043 mortuam,
404 982 469 1027 esse
489 962 589 1026 foetus
606 962 698 1045 partu
715 980 855 1026 caesareo
872 962 891 1026 i.
908 981 934 1028 e.
951 962 1034 1027 facta
1049 966 1139 1029 caute
1156 966 1292 1031 sectione

113 1069 173 1133 ratri
191 1068 293 1145 debat,
316 1068 348 1130 et
370 1068 395 1130 si
412 1066 471 1130 erit
487 1067 582 1142 vivus,
605 1065 755 1148 baptizari
779 1114 786 1129 .
809 1114 816 1128 .
841 1115 848 1128 .
871 1066 1006 1132 Rousset
1021 1069 1053 1131 et
1069 1068 1202 1134 Baretta
1219 1089 1293 1134 euu-

113 1177 175 1238 rant
197 1173 236 1237 15
259 1171 451 1254 operationes
473 1188 631 1235 caesareas
647 1188 681 1233 ex
699 1168 821 1233 saeculo
837 1169 1055 1235 decimosexto
1073 1171 1126 1236 sed
1145 1191 1292 1255 perquam

113 1277 173 1341 vias.
241 1276 380 1339 Primam
417 1275 532 1338 certam
572 1273 947 1357 Laparohysterotomiam
984 1276 1174 1357 perpetravit
1210 1276 1292 1341 1610

113 1387 259 1456 immersa,
281 1377 474 1461 chirurgicus
491 1377 781 1460 Wittenbergensis,
797 1377 974 1442 auctoribus
997 1378 1144 1457 Taadler,
1161 1379 1294 1446 Scoaert

116 1484 274 1565 Dooerc'up
285 1482 322 1566 ⁴).
381 1481 539 1564 Wrisberp
561 1483 594 1545 at
616 1481 743 1546 Heiater
775 1481 1077 1561 demonstraveram,
1108 1486 1208 1548 matre
1238 1484 1293 1548 de·

113 1590 161 1652 cta
194 1587 346 1651 infantem
380 1585 482 1650 vivere
516 1603 602 1667 posse
636 1583 762 1668 ideoque
793 1585 1045 1667 postulaverant,
1080 1588 1115 1651 ut
1150 1606 1291 1652 caesarea

113 1692 149 1755 tio
181 1692 214 1755 in
250 1689 307 1754 tali
345 1708 417 1754 casu
449 1689 677 1771 perpetraretur
690 1689 726 1770 ⁶).
775 1687 951 1755 Peculiares
982 1689 1230 1773 Hysterotomiae
1260 1692 1293 1756 iu

113 1795 221 1860 mania
243 1794 378 1859 fautores
401 1794 490 1857 arant
512 1793 641 1858 Levorct
664 1794 695 1857 et
716 1791 805 1858 Staio
826 1794 902 1857 natu
922 1794 1030 1858 maior.

157 1899 226 1963 Nou
253 1898 339 1980 parvi
368 1895 515 1961 momenti
542 1896 671 1960 sectioni
694 1914 855 1961 caesareae
877 1897 971 1962 fuisse
995 1897 1116 1963 videtur
1138 1899 1290 1982 Embryo·

113 2003 138 2066 ia
157 2021 245 2067 sacra
267 1999 422 2066 Fransisci
445 2001 512 2064 Em.
538 1999 750 2082 Oangiamilaa
780 1999 927 2066 Canonici
957 2002 1209 2083 Panoramitani,
1240 2005 1293 2087 qui

113 2106 222 2170 multos
245 2106 391 2170 ennarrat
411 2103 543 2168 infantes
565 2104 665 2168 matra
688 2103 749 2166 iam
774 2103 919 2168 defuncta
940 2104 986 2169 ita
1008 2107 1187 2172 natos-esse
1208 2108 1293 2173 intra

113 2211 186 2291 ginta
208 2209 353 2293 anuosss),
383 2207 430 2271 ita
458 2210 494 2271 ut
522 2226 558 2271 er
584 2206 682 2271 altero
714 2207 957 2290 duodevigesimi
993 2210 1108 2274 saeculi
1135 2212 1237 2277 medio
1259 2213 1293 2277 in

113 2315 145 2377 ris
168 2314 230 2377 tere
254 2312 394 2377 omnibus
418 2310 578 2376 catholicis
600 2310 647 2374 lex
672 2310 800 2394 vigeret,
827 2313 873 2389 ut,
893 2311 1046 2394 imprimis
1068 2317 1195 2397 repente
1211 2334 1294 2380 mor·

137 2417 265 2480 muliere
295 2415 442 2499 gravida,
475 2414 608 2479 sectione
642 2432 784 2478 caesarea
818 2414 920 2479 intans
952 2416 982 2480 in
1016 2415 1118 2482 lucem
1148 2418 1292 2485 ferretur.

113 2520 250 2584 erissima
283 2518 315 2583 id
345 2519 532 2601 praecipitur
556 2518 587 2582 iu
609 2517 717 2583 Sicilia
726 2520 769 2602 7),
804 2517 836 2582 iu
860 2519 1049 2586 Patrimonio
1071 2519 1102 2587 8.
1128 2522 1215 2588 Petri
1238 2544 1292 2607 per

113 2623 258 2688 redictum
284 2621 384 2699 XIV.,
419 2623 451 2685 in
482 2621 611 2686 Austria
642 2641 694 2705 per
726 2624 902 2706 Augustam
936 2623 1068 2690 Mariam
1099 2625 1287 2707 Therasiam,

113 2728 133 2791 l.
160 2729 208 2793 13.
233 2726 323 2809 April
347 2726 440 2790 1757.
488 2726 591 2790 Etiam
621 2725 654 2790 in
685 2726 837 2810 Hispania
866 2729 898 2793 et
927 2729 1082 2794 nonnullis
1107 2729 1290 2797 Germaniae

113 2831 233 2896 tatibus
248 2849 344 2913 usque
361 2831 392 2894 in
408 2829 606 2894 novissimam
622 2831 757 2895 aetatem
773 2831 922 2897 eiusmodi
937 2834 1023 2918 leges
1037 2833 1290 2918 perduraverunt.

157 2935 217 3000 Hic
249 2937 353 3000 autem
387 2933 613 2999 consideramus
650 2932 915 3017 Hysterotomianr
958 2937 1058 3002 solum
1104 2937 1293 3006 adiutorium

113 3039 277 3117 tetricium,
299 3039 320 3102 i.
338 3058 362 3103 e.
379 3039 412 3102 in
429 3039 526 3102 matre
545 3037 681 3112 vivente;
704 3056 776 3102 cum
798 3038 920 3116 medici,
942 3040 969 3103 si
991 3041 1074 3122 optio
1095 3041 1188 3106 datur
1207 3043 1289 3109 inter

113 3145 195 3207 rtum
219 3143 267 3206 vel
291 3143 526 3225 perforationem
556 3141 588 3205 et
612 3141 691 3204 hanc
713 3141 940 3223 operationem,
976 3142 1157 3227 plerumque
1181 3146 1293 3212 abortu

123 3245 327 3330 perforatione
351 3247 479 3310 utantur
501 3264 535 3309 er
559 3243 650 3308 variis
674 3244 790 3323 causis,
825 3245 977 3328 imprimis
1009 3250 1133 3331 propter
1160 3249 1291 3316 nimium

113 3352 197 3416 iouis
230 3369 389 3416 caesareae
421 3348 608 3433 periculum,
642 3347 764 3414 videtur
797 3349 921 3414 tanturn
955 3349 1040 3414 nobis
1067 3351 1222 3434 agendum
1252 3354 1290 3419 de

113 3454 285 3521 ioulositate
317 3456 349 3519 et
381 3453 518 3518 liceitata
553 3452 600 3516 vel
633 3451 821 3536 obligatione
854 3451 1103 3538 Hysterotomiae
1134 3456 1166 3520 in
1201 3476 1292 3523 uxore

113 3560 186 3625 ente.
219 3583 221 3587 ·

113 3681 367 3694 μ

159 3751 183 3818 1)
206 3751 371 3818 Dabreyme,
390 3749 408 3802 l.
427 3766 448 3803 c.
469 3765 532 3818 pag.
550 3748 610 3804 220.

157 3837 185 3904 2)
205 3836 238 3890 dc
255 3835 424 3903 baptizandis
442 3835 562 3905 parvulis
582 3853 607 3889 n.
628 3836 668 3889 17.

157 3923 185 3992 3)
205 3922 288 3977 editio
307 3922 343 3978 II.
360 3939 423 3992 pag.
441 3922 482 3975 67.

156 4011 185 4077 t)
210 4011 330 4074 Wucta,
360 4009 465 4064 Caesar.
494 4009 577 4063 sectio
605 4007 784 4076 Wittenberg.
814 4025 838 4064 a.
869 4008 944 4065 1610.
993 4008 1099 4078 Lipsiae
1127 4007 1194 4063 1868
1220 4008 1293 4078 apud

113 4099 232 4160 rueder,
251 4095 269 4149 l.
288 4112 308 4149 c.
328 4112 390 4166 pag.
409 4095 470 4150 352.

157 4183 184 4251 5)
204 4184 325 4245 Hattar,
348 4181 509 4235 Bibliothec.
535 4181 653 4251 chirnrg.
678 4183 699 4235 t.
717 4182 739 4235 1.
776 4182 909 4246 Heteter,
936 4181 1091 4236 dissertatio
1114 4182 1147 4238 de
1166 4183 1240 4238 foetu
1259 4198 1292 4238 ox

114 4288 130 4323 ο
148 4269 245 4324 matris
263 4270 385 4321 mortuae
403 4267 589 4322 exscindendo:
614 4267 640 4335 θ.
658 4267 707 4322 ta:
727 4282 778 4336 ego
797 4266 852 4321 dixi
870 4269 898 4321 at
912 4267 1006 4336 scripsi
1025 4282 1112 4322 meam
1128 4269 1294 4324 senteutiam

113 4371 225 4425 namquo
244 4370 330 4408 meam
350 4354 398 4408 hoc
419 4355 476 4424 ipse
496 4370 616 4409 servasse
635 4354 720 4410 credo.
756 4354 826 4408 Iuris
845 4355 1028 4409 consultorum
1044 4370 1115 4410 nunc
1132 4355 1185 4410 erit
1201 4355 1291 4425 legem

129 4443 202 4511 piam
220 4445 278 4496 tarn
294 4442 390 4494 utilem
410 4441 496 4495 denuo
515 4442 664 4497 instaurare
683 4445 733 4498 etc.
772 4442 870 4509 sanor,
890 4443 908 4496 l.
925 4457 946 4496 c.

158 4528 185 4595 6)
205 4527 239 4581 cf.
261 4531 358 4589 staur,
379 4527 395 4581 l.
415 4542 437 4581 e.
457 4526 522 4588 367;
547 4527 748 4597 occoeperat.
768 4543 789 4581 o.
808 4527 861 4583 111.
880 4543 943 4597 pag.
963 4529 1025 4584 198.

157 4615 184 4683 7)
204 4615 272 4670 Jufi.
295 4617 323 4667 l'.
345 4615 456 4678 Fronto,
475 4612 599 4683 Systcma
616 4612 710 4671 medic.
728 4614 823 4670 foreas
848 4612 926 4671 Wieu
946 4614 1013 4672 tvae
1029 4615 1082 4672 rol.
1099 4615 1121 4671 1.
1141 4614 1204 4687 pag.
1225 4616 1291 4675 588.
