3142 5204
264 276 308 342 24
451 291 664 358 Hetdearetclu
686 290 767 346 Dies.
784 292 819 345 ta
839 305 901 346 cua.
920 291 975 346 ult.
992 293 1088 346 coast.
1106 289 1211 358 apost.
1229 287 1327 344 Sedu.

1541 365 1543 442 l

267 465 417 549 concepit,
441 463 494 530 sed
518 463 628 542 filium,
649 465 815 542 hominem,
839 462 943 543 idest,
969 464 1069 530 foetus
1091 462 1256 545 conceptus
1278 463 1346 526 erat
1368 480 1386 525 a
1411 459 1519 544 primo
1541 480 1543 566 p

265 570 396 638 instanti
419 567 625 650 conceptionis
650 570 807 635 animatus
831 567 935 633 anima
956 568 1112 634 rationali.
1543 596 1544 684 p

370 691 453 770 atsi,
481 691 561 774 quod
585 691 647 756 iam
671 711 764 775 snpra
789 691 940 769 diximus,
972 691 1190 772 argumentum
1219 687 1342 752 firmum
1367 687 1399 752 et
1422 705 1545 786 omoep

268 796 396 862 dubium
417 796 590 872 excludens,
612 795 649 859 de
673 815 734 879 qna
757 815 788 860 re
812 795 945 879 agimus,
970 814 1005 860 ex
1021 795 1117 860 sacris
1132 793 1221 858 libris
1235 791 1405 857 secundum
1420 790 1520 855 linem
1545 829 1546 880 p

268 903 299 966 et
324 899 556 983 dispositionem
581 918 684 963 eornm
709 899 789 964 sumi
821 918 881 963 uon
913 899 1015 981 posit,
1049 900 1154 963 tamen
1186 895 1392 962 demonstrari
1427 903 1547 978 posse}

267 1004 391 1070 videtur
433 1023 491 1069 non
537 1021 730 1088 repugnare,
784 1004 857 1087 quin
901 1003 963 1068 imo
1003 1002 1161 1066 insinuare
1204 1003 1341 1064 nostram
1386 997 1548 1072 thesim]

268 1110 474 1174 Transeamus
495 1107 534 1171 ad
557 1106 724 1172 infallibile
746 1106 903 1172 Ecclesiae
927 1106 1152 1190 magisterium,
1181 1106 1381 1188 interpretem
1406 1123 1519 1168 sacrae

269 1212 446 1296 Scripturae
470 1210 650 1276 assistentia
674 1209 808 1294 Spiritus
832 1209 939 1276 Sancti
962 1209 1169 1275 infallibilem.
1548 1215 1549 1222 ’

686 1428 910 1511 Magisterium
932 1427 1086 1494 ecclesiae.
1550 1413 1551 1452 ¹

378 1568 451 1632 Pius
473 1567 529 1634 IX.
553 1585 692 1631 summus
712 1566 848 1650 pontifex
875 1566 923 1632 »d.
941 1565 970 1633 d.
994 1566 1081 1631 Vlll.
1108 1566 1267 1632 Decembr.
1297 1565 1380 1630 1854
1402 1565 1436 1628 in
1461 1565 1521 1629 ba·

269 1674 361 1739 silica
379 1672 530 1737 Vaticana
546 1671 666 1754 ingenti
682 1672 807 1736 sanctae
824 1671 979 1736 Romanae
996 1670 1142 1735 eeclesiae
1161 1674 1283 1754 patrum
1301 1668 1520 1735 Cardinalium
1552 1655 1553 1658 ¹

270 1780 301 1844 et
324 1777 533 1860 episcoporum
558 1794 593 1840 ex
608 1774 727 1839 dissitis
743 1775 838 1840 etiam
853 1775 1030 1858 regionibus
1047 1775 1189 1840 adstante
1206 1775 1295 1840 coetu
1312 1774 1522 1857 universoque

269 1881 435 1965 plaudente
458 1881 530 1945 orbe
550 1879 730 1946 solemniter
747 1879 959 1962 pronuntiarit
980 1899 1015 1945 ao
1032 1879 1190 1944 definivit:
1218 1878 1417 1943 ›Doctrinam
1437 1898 1520 1961 quae
1554 1877 1555 1882 ’

270 1988 365 2065 tenet,
394 1985 605 2049 beatissimam
631 1983 791 2068 Virginem
824 1985 956 2048 Mariam
988 1985 1019 2050 in
1053 1984 1151 2066 primo
1183 1984 1314 2049 instanti
1344 2002 1419 2048 suae
1444 2003 1521 2046 con-

271 2089 420 2174 ceptionis
448 2089 543 2153 fnisse
566 2086 718 2170 singulari
744 2087 798 2152 Dei
825 2086 987 2171 privilegio
1021 2090 1060 2152 ab
1094 2088 1177 2154 omni
1210 2086 1371 2172 originalis
1405 2087 1521 2169 culpae

272 2193 342 2258 labe
365 2194 592 2277 praeservatam
615 2192 801 2270 immunem,
838 2211 903 2256 esse
927 2211 945 2256 a
968 2193 1032 2258 Deo
1056 2193 1243 2269 revelatam,
1267 2211 1303 2256 ac
1326 2190 1455 2274 proinde
1480 2191 1521 2256 ab

274 2297 417 2363 omnibus
440 2296 581 2362 fidelibus
603 2295 734 2360 firmiter
756 2297 992 2380 constanterque
1016 2297 1265 2378 credendam1).‹

374 2419 446 2484 Jam
464 2417 499 2484 R.
518 2419 552 2482 P.
570 2417 694 2483 Hieron.
713 2417 907 2483 limentinus
924 2437 1015 2502 supra
1030 2419 1176 2483 laudatus
1192 2420 1321 2486 alteram
1338 2421 1370 2483 et
1385 2417 1518 2484 tertiam

271 2526 302 2589 et
322 2530 465 2607 quartam
489 2522 728 2606 disputationem
750 2522 902 2600 ediderat,
927 2523 957 2586 in
979 2523 1099 2606 quibus,
1121 2523 1153 2587 in
1178 2524 1285 2607 primis
1309 2525 1339 2588 in
1361 2522 1459 2588 tertia
1486 2524 1518 2586 et

271 2629 382 2710 quarta
414 2627 513 2692 denuo
542 2626 673 2704 thesim,
705 2645 810 2692 omnes
834 2627 987 2691 abortivos
1011 2646 1076 2693 esse
1099 2627 1299 2711 baptizandos
1323 2627 1435 2692 saltem
1460 2625 1518 2690 sub

271 2731 455 2809 conditione,
479 2730 672 2796 confirmavit
695 2733 878 2814 argumento
902 2731 1066 2815 desumpto
1084 2750 1119 2796 ex
1137 2731 1365 2798 Constitutione
1381 2730 1520 2796 Alexan-

271 2834 319 2901 dri
339 2835 408 2901 Vll.
434 2835 464 2898 in
489 2853 582 2900 cansa
601 2834 819 2900 immaculatae
840 2835 1047 2919 cerrceptiouis
1072 2837 1106 2902 B.
1125 2835 1220 2912 mv.
1240 2837 1354 2919 Agitur
1369 2833 1521 2900 videlicet

272 2939 308 3005 de
324 2938 521 3022 conceptione
537 2938 668 3020 passiva,
692 2959 750 3004 non
768 2941 878 3016 activa,
899 2960 977 3024 qnae
997 2941 1057 3006 ium
1075 2960 1109 3006 er
1126 2939 1351 3024 antiquissimis
1366 2939 1520 3022 tempori-

270 3044 328 3109 bus
339 3044 370 3108 et
383 3043 462 3125 apud
474 3042 638 3108 orientales
648 3045 679 3107 et
687 3044 766 3127 apud
776 3045 980 3111 occidentales
991 3044 1165 3112 celebratur
1174 3045 1223 3110 die
1233 3045 1261 3110 8.
1276 3044 1318 3131 (6.
1329 3044 1376 3108 rel
1385 3044 1430 3121 9.)
1443 3043 1520 3110 Dec.

272 3147 443 3214 Alexandro
457 3166 514 3212 non
527 3147 559 3212 in
570 3147 671 3213 animo
680 3150 747 3212 erat
760 3149 896 3228 delinire,
909 3150 961 3214 sed
976 3150 1100 3216 favebat
1111 3150 1282 3215 sententiae
1296 3147 1521 3213 immaculatae

273 3252 487 3334 conceptionis.
512 3251 635 3318 Nostris
651 3254 755 3318 autem
770 3253 960 3336 temporibus
975 3258 1192 3338 argumentum
1210 3274 1244 3320 en
1264 3253 1443 3318 delinitione
1458 3251 1521 3317 im·

271 3354 444 3422 maculatae
453 3356 667 3440 conceptionis
676 3374 732 3422 non
743 3357 906 3422 refutabile
914 3358 1055 3441 emergit,
1064 3359 1207 3441 quoniam
1219 3359 1349 3438 constat,
1362 3360 1520 3442 »tempus

271 3479 330 3544 quo
352 3461 391 3525 ls.
414 3461 500 3544 virgo
528 3461 589 3525 luit
619 3461 651 3524 in
681 3462 767 3526 utem
799 3481 823 3526 s.
844 3462 953 3526 Annae
978 3462 1039 3527 luit
1062 3463 1185 3528 omnino
1209 3463 1353 3528 naturale
1374 3463 1406 3527 et
1428 3461 1521 3527 iuxta

272 3566 402 3632 naturae
423 3565 508 3648 leges
531 3564 707 3631 ordinatum
718 3565 773 3648 ‘tc
821 3563 936 3645 Quodsi
960 3566 994 3630 B.
1021 3567 1057 3631 V.
1087 3567 1186 3632 ldaria
1218 3587 1236 3634 a
1262 3567 1361 3650 primo
1383 3566 1520 3632 instanti

271 3669 478 3752 conceptionis
502 3670 640 3734 animata
665 3670 725 3735 luit
746 3670 851 3734 anima
875 3671 1017 3743 rationali
1042 3671 1074 3735 et
1095 3671 1126 3736 id
1149 3671 1236 3738 iuxta
1258 3672 1360 3756 legem
1385 3674 1520 3737 naturae

271 3772 431 3849 ordinata,
458 3773 667 3838 omnishomo
690 3774 822 3838 animari
846 3774 938 3839 debet
961 3774 1084 3858 aequali
1108 3775 1196 3841 modo
1219 3777 1324 3842 anima
1347 3775 1437 3842 modo
1461 3795 1517 3842 ra-

272 3878 382 3944 tionali
403 3895 421 3942 a
444 3877 543 3961 primo
565 3877 695 3943 instanti
712 3878 795 3943 vitae
810 3896 893 3944 suae.
921 3878 1007 3960 Quod
1033 3879 1126 3944 etiam
1148 3879 1312 3945 deducitur
1334 3899 1370 3945 cx
1392 3881 1519 3945 nomine

271 3982 362 4047 huius
389 3981 458 4046 testi
482 3981 563 4065 apud
585 3981 751 4048 orientales
774 3983 902 4066 antiquo
925 3984 1062 4067 tempore
1094 3982 1229 4062 usitato,
1262 3983 1406 4050 videlieet
1438 4003 1516 4048 con·

269 4087 369 4170 ceptio
393 4087 518 4152 sanctae
546 4087 659 4162 Annae,
683 4088 741 4154 etc.
764 4088 795 4152 et
818 4106 854 4152 ex
876 4085 978 4152 officio
1001 4087 1159 4165 ecclesiae,
1179 4108 1259 4171 quae
1283 4088 1441 4154 exsultans
1467 4107 1517 4152 re-

271 4191 370 4273 petit:
405 4190 630 4256 »Immaculata
659 4190 817 4273 conceptio
843 4192 890 4256 est
924 4190 1033 4256 badim
1061 4195 1119 4258 etc.
1144 4193 1201 4259 etc.

375 4302 537 4369 Obiectum
561 4303 660 4368 solum
684 4304 775 4369 buius
800 4303 869 4369 festi
887 4303 1015 4389 dignum
1037 4323 1095 4370 non
1112 4323 1178 4370 esse
1195 4323 1329 4370 massam
1346 4303 1517 4383 loedidam,

376 4547 401 4615 1)
421 4547 578 4604 Breviaruru
600 4548 675 4604 Rom.
696 4547 756 4604 ud.
775 4550 800 4604 8.
818 4549 880 4604 Dee.
899 4549 961 4602 lect.
977 4548 1024 4605 Vl.
1042 4548 1091 4603 rub
1111 4549 1199 4603 linem.

374 4635 401 4703 2)
422 4636 566 4700 Floreat,
586 4635 604 4690 l.
623 4651 644 4689 c.
663 4653 688 4704 p.
709 4635 757 4691 165
775 4637 841 4691 sect.
859 4635 920 4701 ΙΙΙ..
939 4635 972 4692 cl.
994 4638 1027 4692 A.
1050 4639 1092 4704 E,
1111 4636 1129 4692 l.
1148 4653 1170 4691 c.
1188 4654 1215 4705 p.
1234 4636 1283 4691 196
1300 4639 1328 4692 et
1346 4653 1401 4705 seq.
