3142 5204
288 297 329 368 26
474 320 686 386 Hetdenree'cb,
708 321 786 376 Dies.
804 323 840 377 tc
860 336 920 378 cae.
939 323 992 378 alt.
1009 326 1106 380 coust.
1124 321 1230 394 Apoet.
1250 323 1346 381 Sedis.

287 492 536 560 cohabitationis.
572 492 736 576 Conceptio
760 495 808 559 est
831 494 1001 577 penetratio
1023 495 1149 560 semime
1173 493 1270 560 virilis
1293 497 1326 560 in
1349 515 1441 564 ovum
1462 517 1535 562 mu-

287 597 380 664 lIeris.
424 597 540 663 Notum
564 597 688 682 quidem
711 601 759 663 est
790 599 912 682 tempus
939 599 1198 679 cohabitationis,
1231 619 1291 666 non
1322 603 1428 666 autem
1459 621 1535 666 con-

287 702 436 786 captionis
447 701 481 787 1).

392 807 505 873 Medici
529 807 662 873 nondum
687 805 873 890 perscrutati
896 809 971 873 sunt
998 805 1179 874 relationem
1209 809 1289 874 inter
1318 810 1535 876 ovulationem

288 913 320 977 et
344 912 629 977 menstruatiouem.
674 911 831 976 Incertum
855 913 919 989 est,
942 913 1046 977 utrum
1071 912 1103 976 id
1125 931 1227 991 ovum,
1252 914 1332 998 quod
1353 913 1480 980 eiicitur
1502 915 1536 978 in

289 1015 457 1082 novissima
480 1016 732 1095 menstruatione,
759 1015 891 1080 foetetur
913 1035 952 1080 an
976 1027 1068 1082 ovum
1094 1018 1250 1102 proximae
1273 1019 1342 1102 post
1368 1018 1534 1085 cohabita·

288 1121 404 1186 tionem
429 1120 727 1204 menstruacumsr).
772 1121 936 1186 Processus
959 1121 1040 1186 enirn
1064 1123 1272 1205 conceptionis
1302 1123 1372 1188 novi
1397 1124 1536 1188 hominis

289 1227 335 1292 ita
357 1225 413 1292 Iit:
448 1227 519 1290 Post
550 1226 810 1290 cohabitationem
841 1223 975 1291 fertilem
1005 1229 1146 1309 penetrat
1169 1245 1274 1291 semen
1296 1227 1355 1292 viri
1383 1227 1534 1292 emissum

288 1331 371 1395 lente
392 1349 445 1414 per
465 1331 571 1396 tubam
594 1331 632 1395 ed
656 1331 804 1408 ovarium,
830 1331 910 1413 quod
934 1332 981 1396 est
1004 1329 1177 1396 ordiuanus
1199 1331 1283 1396 locus
1308 1331 1499 1398 testationis.

394 1433 522 1500 Constat
544 1435 624 1500 inter
648 1436 791 1514 meditus,
815 1454 918 1500 semen
934 1433 1059 1500 etiamsi
1081 1455 1139 1500 nou
1154 1437 1295 1500 ooounat
1310 1454 1366 1501 ovo
1384 1456 1443 1501 uon
1461 1455 1537 1502 con-

289 1539 377 1605 tinuo
401 1539 573 1622 corrumpi,
610 1539 662 1604 sed
685 1539 789 1623 plures
811 1539 894 1618 dies,
922 1540 970 1604 vel
990 1539 1084 1606 etiam
1109 1539 1184 1604 XIII
1206 1540 1234 1605 ei
1259 1539 1356 1606 inesse
1379 1541 1535 1608 virtutum

291 1643 469 1728 generandi.

394 1749 430 1812 In
453 1748 520 1831 ipso
545 1750 650 1812 autem
676 1747 822 1826 instanti,
853 1748 885 1813 in
905 1767 965 1832 quo
985 1767 1087 1814 semen
1113 1749 1201 1815 virile
1224 1750 1359 1816 occurrit
1382 1769 1439 1814 ovo
1465 1770 1536 1814 mu-

289 1852 374 1917 lieus
397 1855 519 1917 maturo
542 1855 574 1916 et
593 1852 624 1915 in
649 1852 680 1914 id
705 1852 860 1934 penetrat,
883 1851 920 1916 fit
943 1851 1099 1935 conceptio
1122 1853 1193 1918 novi
1217 1853 1350 1917 hominis
1373 1854 1405 1918 et
1428 1853 1537 1918 infun-

291 1957 375 2022 ditur
398 1975 416 2021 a
440 1957 503 2021 Deo
524 1957 627 2022 anima
651 1955 810 2022 rationalis
832 1957 868 2020 ut
889 1955 1072 2040 principium
1097 1957 1180 2024 vitae
1203 1977 1308 2023 novae.

394 2061 476 2126 Nam
506 2061 532 2123 l.
564 2061 708 2126 contiuuo
734 2061 861 2144 incipit,
886 2063 922 2127 ut
943 2061 1117 2146 physiologi
1140 2063 1351 2141 couseutIunt,
1374 2064 1481 2128 motus
1505 2061 1537 2126 in

290 2185 363 2242 ovo;
388 2165 501 2231 moveri
525 2166 629 2229 autem
651 2166 698 2230 est
721 2164 868 2246 uiueres).
911 2165 969 2230 Ubi
992 2167 1095 2232 autem
1115 2167 1234 2246 vivere,
1259 2166 1304 2232 ihi
1327 2185 1452 2232 necesse
1477 2171 1536 2243 est,

290 2270 473 2354 principium
497 2270 539 2335 sit
563 2271 658 2346 vitae,
689 2269 769 2353 quod
799 2288 859 2334 non
888 2271 991 2352 potest
1021 2289 1087 2335 esse
1109 2270 1313 2336 extrinsecum
1336 2290 1364 2335 v.
1389 2291 1420 2354 g.
1447 2273 1535 2353 prin-

291 2375 405 2458 cipium
431 2375 512 2439 vitae
533 2375 653 2450 matris,
677 2374 729 2438 sed
752 2374 942 2440 intrisecum.
983 2375 1144 2461 »Aliqui⁴)
1168 2375 1318 2454 dixerunt,
1342 2377 1538 2458 operationes

292 2479 384 2556 vitae,
407 2498 485 2562 quae
509 2480 677 2562 appareant
696 2479 727 2542 iu
749 2479 929 2564 embryoue,
954 2497 1010 2542 nou
1035 2497 1100 2544 esse
1125 2479 1164 2543 ab
1187 2479 1290 2544 anima
1312 2481 1396 2557 elus,
1420 2480 1476 2544 sed
1499 2481 1536 2544 ab

292 2583 396 2648 anima
431 2583 539 2648 matris
571 2584 658 2646 vela
688 2583 803 2648 vIrtute
831 2584 1011 2661 Iormativa,
1044 2602 1122 2665 quae
1154 2583 1195 2647 sit
1218 2585 1250 2647 in
1273 2582 1399 2648 semiue.
1449 2583 1534 2666 Quod

291 2685 403 2751 falsum
429 2688 485 2753 est.
532 2686 632 2769 Opera
663 2687 743 2752 euim
773 2687 856 2752 vitae
881 2705 938 2752 non
962 2687 1089 2770 possunt
1113 2705 1179 2754 essu
1204 2706 1221 2751 a
1244 2687 1395 2770 principio
1419 2687 1537 2752 extrin-

290 2809 360 2856 seco
382 2791 463 2854 sleut
486 2792 609 2870 sentire,
633 2791 754 2870 nutriri,
775 2791 902 2874 augeri:
926 2792 957 2856 et
976 2790 1044 2855 ideo
1066 2791 1230 2856 dicendum
1251 2794 1308 2870 est,
1330 2789 1537 2875 quod'anima

290 2895 471 2977 praeexistit
504 2895 536 2960 in
571 2897 750 2982 embryone,
784 2895 974 2978 apriuoipio
996 2895 1121 2979 quidem
1146 2895 1314 2975 nutritiva,
1340 2896 1539 2978 postmodum

293 3001 398 3064 autem
421 2999 579 3079 sensitiva,
603 3002 635 3065 et
658 3001 781 3065 tandem
805 2999 1023 3066 intellectiva«

395 3105 425 3169 2.
454 3105 615 3170 Postulare
636 3124 708 3188 ergo
733 3105 878 3170 debemus
902 3103 1086 3187 principium
1110 3104 1193 3169 vitae
1215 3104 1270 3169 aut
1291 3103 1447 3182 animam,
1473 3104 1538 3169 sive

291 3207 499 3292 vegetativam
529 3211 560 3273 et
592 3211 697 3293 postea
725 3209 907 3275 sensitivam
937 3210 969 3273 et
997 3210 1103 3292 postea
1133 3209 1316 3274 rationalem
1347 3208 1411 3272 sive
1442 3208 1540 3274 intel·

293 3312 455 3392 lecticam,
479 3314 533 3378 aut
556 3313 594 3378 ab
616 3313 705 3379 initio
728 3313 793 3396 ipso
817 3312 942 3377 unicum
966 3313 1047 3378 vitae
1070 3312 1273 3402 principium,
1299 3313 1321 3380 i.
1346 3332 1372 3377 e.
1398 3313 1538 3378 animam

293 3417 487 3483 rationalem.

394 3521 540 3586 Animam
577 3522 783 3606 vegetativam
814 3521 846 3606 et
876 3520 1077 3600 sensitivam,
1116 3539 1210 3604 quam
1241 3521 1381 3604 sequitur
1412 3539 1539 3606 corpore

291 3627 354 3690 iam
378 3626 565 3710 organizato,
594 3629 628 3691 ut
651 3626 757 3692 volunt
778 3623 926 3704 nonnulli,
949 3625 1052 3690 anima
1069 3625 1239 3703 rationalis,
1265 3626 1403 3690 statuere
1419 3625 1537 3710 impos·

290 3731 380 3794 sibile
403 3731 459 3796 est.
506 3731 587 3795 Nam
619 3731 723 3796 anima
753 3729 931 3814 vegetativa
962 3730 1017 3794 aut
1051 3727 1082 3814 a)
1111 3729 1286 3794 traducitur
1318 3729 1473 3812 paulatim
1506 3730 1537 3794 in

398 3870 423 3940 l)
443 3871 478 3926 cf.
500 3873 711 3935 Floreattaue,
731 3869 748 3926 l.
769 3886 790 3924 e.
810 3869 879 3939 disp.
899 3869 921 3924 1.
940 3872 1003 3924 sect.
1023 3869 1061 3936 lI3
1084 3871 1244 3934 Sebrdder,
1262 3868 1405 3924 Lehrbueh
1424 3869 1474 3924 der
1488 3869 1540 3924 Ge·

293 3957 450 4012 burtehilie.
472 3957 547 4021 1883,
566 3974 628 4026 pag.
648 3957 690 4011 23.

396 4044 423 4112 2)
451 4045 600 4104 Vterer-dt.
620 4042 763 4099 Grundriss
782 4043 828 4097 der
846 4042 1021 4112 Physiolcgie
1034 4042 1079 4096 dee
1095 4041 1250 4106 Meuschen,
1265 4043 1291 4095 5.
1301 4040 1380 4106 nuc,
1396 4059 1461 4112 pag.
1474 4043 1537 4106 584;

397 4132 557 4196 Scbrdrler,
575 4132 708 4200 opinatur,
729 4147 807 4184 ovum
828 4129 899 4200 quod
917 4129 1034 4184 foetetur
1051 4128 1160 4199 produci
1175 4128 1300 4197 sequenti
1313 4129 1538 4190 menstruatione,

293 4233 362 4286 quae
381 4219 472 4271 autem
491 4235 543 4272 non
563 4233 667 4284 semper
685 4217 800 4286 amplius
818 4217 859 4271 fit.

405 4305 561 4368 Vterordt,
588 4303 697 4356 videtur
715 4303 789 4357 aliud
807 4303 918 4368 sentire,
938 4302 1063 4371 quonlam
1084 4303 1102 4357 l.
1125 4318 1146 4356 c.
1166 4302 1297 4372 explicat:
1322 4302 1417 4372 primis
1445 4302 1538 4356 (liebus

289 4393 351 4459 post
370 4389 612 4446 menstruationem
631 4405 688 4443 esse
707 4390 877 4460 aptissImum
895 4392 1000 4459 tempus
1019 4388 1052 4443 nd
1071 4387 1287 4456 concipiendum,
1314 4405 1373 4443 eum
1394 4405 1474 4444 ovum
1501 4389 1538 4442 sit

292 4475 371 4531 modo
390 4476 525 4530 emissum.

394 4564 421 4631 3)
445 4564 547 4618 Tbom.
566 4560 587 4616 I.
608 4579 632 4632 q.
651 4559 751 4616 XVIII.
770 4563 822 4616 art.
842 4561 855 4615 l
877 4563 904 4616 et
922 4561 938 4614 2
956 4557 992 4615 et.
1013 4561 1233 4630 capellaneas:
1259 4561 1300 4626 De
1325 4561 1458 4617 occisione
1486 4562 1537 4615 loe·

291 4655 335 4707 tus
355 4655 405 4706 ete.
425 4649 500 4714 1875,
520 4666 543 4718 p.
562 4649 587 4703 9.
606 4647 777 4718 eiusdemque
795 4651 865 4704 auct.
887 4649 984 4703 Pastor
1003 4646 1071 4703 med.
1093 4646 1169 4713 1881,
1189 4665 1215 4716 p.
1236 4648 1276 4705 10.

395 4735 423 4805 4)
437 4736 548 4806 Titum.
567 4735 636 4806 Igu.
656 4735 705 4790 118
722 4735 793 4805 ⁸22·
