3142 5204
545 356 683 415 Censura
701 359 838 416 abortus.
1268 343 1311 412 99

172 529 206 592 1⁰
229 531 265 593 ut
287 529 350 593 sint
372 547 407 594 ex
430 547 497 594 sese
520 530 558 594 ed
583 531 638 592 boc
659 533 746 612 apta,
778 534 810 595 et
832 534 866 594 2⁰
889 534 924 596 ut
947 553 982 597 ex
1006 533 1050 599 eis
1072 535 1145 600 solis
1169 536 1216 600 vol
1240 536 1310 602 tan·

56 637 129 697 tum
157 633 372 715 principaliter
393 632 435 697 sit
458 634 583 698 abortus
607 639 741 698 secutus.
778 635 846 700 Non
870 636 1009 702 incurrat
1031 638 1129 720 igitur
1150 659 1310 706 censuram

56 738 112 819 qui
141 736 273 802 adhibet
299 737 336 800 ad
362 737 504 802 abortum
535 737 757 818 procurandum
790 739 891 804 media
925 742 1202 824 praedispositira,
1231 763 1311 828 quae

58 843 230 906 enumerat
254 841 467 924 astrapaea,
498 840 570 923 quia
601 843 679 906 talia
710 842 810 908 media
833 844 973 910 abortum
999 864 1058 911 nou
1080 847 1252 929 producunt
1275 868 1311 914 ax

57 965 150 1020 sesea
176 947 281 1010 tamen
305 943 545 1022 advertendum,
568 944 790 1029 respiciendam
816 965 881 1012 esse
906 951 1049 1014 naturam
1072 951 1238 1033 gravidae,
1264 952 1310 1018 ita

56 1049 154 1114 utin
180 1048 527 1131 aliquatalemedium
556 1049 842 1132 praedispositivum
873 1052 929 1116 flet
959 1053 1153 1133 effectivum,
1187 1074 1247 1138 quo
1278 1057 1310 1121 in

56 1172 137 1218 casu
161 1151 357 1216 contrahitur
379 1153 662 1230 excommunicatio,
686 1173 712 1218 v.
726 1172 756 1236 g.
781 1155 807 1218 si
831 1155 944 1219 semina
965 1158 1090 1240 experta
1112 1160 1169 1235 est,
1193 1178 1226 1224 se
1247 1161 1309 1224 ali·

3 1265 4 1350 l
58 1258 171 1322 mento
197 1256 300 1339 aliquo
323 1274 378 1320 use
402 1256 543 1320 abortum
572 1259 635 1339 pati
666 1257 762 1322 solere
795 1259 827 1324 et
850 1259 880 1322 iu
904 1260 962 1324 tali
984 1259 1154 1328 intentione
1177 1264 1308 1348 gravida

59 1361 165 1425 sumit
187 1361 220 1424 et
242 1359 368 1424 abortit.

172 1463 259 1546 Quod
282 1462 416 1546 pertinet
440 1461 478 1528 ad
502 1463 603 1528 media
626 1484 661 1529 er
683 1483 748 1529 seso
775 1465 935 1530 tendentia
964 1468 996 1530 et
1026 1469 1099 1550 apta
1129 1467 1169 1532 ad
1202 1487 1310 1554 procu-

58 1569 201 1633 randum
225 1567 366 1632 abortum
394 1565 489 1630 ›illud
514 1587 572 1631 non
596 1569 734 1646 interest,
757 1571 860 1633 utrum
878 1569 1032 1653 (abortus)
1051 1574 1200 1654 sequutus
1216 1573 1310 1639 luerit

59 1693 97 1738 ex
125 1691 220 1737 causa
236 1671 363 1754 physica
379 1690 407 1738 v.
425 1689 455 1754 g.
472 1690 507 1735 ex
522 1672 595 1747 ictu,
618 1690 742 1748 terreno,
765 1672 908 1737 oneribus
924 1673 1045 1738 mulieri
1061 1674 1214 1758 impositis
1230 1680 1309 1755 etc.;

57 1799 100 1842 an
124 1797 166 1842 vren
189 1795 282 1842 causa
305 1775 431 1855 morali,
459 1777 479 1843 i.
504 1795 529 1842 e.
554 1779 724 1843 exterrere
747 1779 930 1861 praegnanti
953 1780 1074 1847 incusso
1097 1779 1307 1865 (Garmipnon

56 1887 90 1964 a
122 1881 198 1958 19⁵)
209 1883 264 1963 a«

177 1985 278 2065 Quare
305 1987 420 2052 Xistns
441 1985 475 2051 V.
499 2004 627 2052 censura
644 1986 759 2053 vinxit:
786 1988 909 2052 ›omue's
924 1988 956 2054 et
972 1988 1153 2074 quicunque,
1178 2039 1232 2056 ...
1256 1990 1308 2074 qui

59 2146 65 2158 .
100 2138 108 2154 .
136 2142 143 2156 .
169 2090 310 2154 abortum
335 2090 584 2172 praecuraverint
606 2091 867 2173 percussionibus,
900 2091 1041 2170 venenis,
1068 2091 1309 2174 medicamentis,

60 2192 264 2276 potionibus,
293 2193 453 2271 oneribus,
484 2194 701 2277 laboribusque
731 2195 852 2260 mulieri
883 2195 1067 2279 praegnanti
1093 2195 1247 2279 impositis
1270 2215 1307 2262 ac

72 2298 149 2363 aliis
173 2297 267 2362 etiam
292 2297 458 2381 incognitis
480 2298 527 2362 vel
552 2299 683 2363 maxime
707 2299 866 2382 exquisitis
885 2298 1065 2377 rationibus,
1088 2299 1134 2364 ita
1157 2301 1193 2364 ut
1209 2299 1311 2383 reipsa

63 2401 197 2468 abortus
219 2402 290 2466 inde
312 2404 435 2468 secutus
454 2403 577 2469 luerit«

175 2507 327 2572 Abortum
352 2507 471 2585 deinde,
494 2509 529 2572 ut
553 2525 683 2571 censure
698 2506 766 2589 quis
782 2507 977 2590 percellatur,
1001 2526 1036 2571 ex
1053 2507 1152 2572 medio
1168 2506 1309 2573 adhibito

62 2614 208 2676 secutum
233 2614 353 2693 oportet
376 2612 440 2676 solo
464 2611 511 2676 vel
530 2610 749 2694 principaliter.
781 2611 884 2693 Quare
909 2630 968 2676 non
986 2611 1153 2677 incurritur
1168 2629 1307 2690 censura,

62 2717 96 2796 a)
121 2715 148 2781 si
172 2716 294 2780 constat
322 2717 368 2780 vel
400 2715 487 2781 valde
514 2714 688 2798 probabile,
717 2716 858 2781 abortum
888 2715 917 2781 vi
949 2717 1016 2798 ipsa
1040 2714 1139 2781 morbi
1161 2715 1308 2795 euenisse,

63 2821 123 2886 etsi
158 2819 294 2884 medium
323 2822 479 2901 sumptum
511 2819 628 2902 aliquid
658 2819 690 2883 id
718 2819 897 2886 accelerarit
912 2821 959 2903 8);
992 2820 1026 2900 b)
1049 2823 1075 2884 si
1098 2819 1226 2885 dubium
1248 2822 1306 2893 est,

1 2939 2 2948 ¹
65 2923 172 2988 utrum
204 2941 238 2986 ex
266 2923 405 2988 adhibito
435 2924 536 2989 medio
567 2943 604 2988 an
638 2943 673 2988 er
704 2925 814 3006 quavis
836 2924 899 2988 alia
923 2942 1014 2990 causa
1038 2943 1065 2990 v.
1090 2944 1120 3007 g.
1144 2943 1179 2989 ex
1201 2925 1307 2990 morbo

65 3027 181 3092 mulier
204 3027 393 3108 abortiverit,
418 3031 453 3093 ut
469 3030 551 3092 reete
567 3027 751 3092 diiudicasse
768 3028 891 3093 videtur
908 3028 1308 3112 emmerentianae:

66 3132 149 3228 »llic
167 3131 273 3215 quaeri
288 3133 399 3214 potest,
422 3130 495 3214 quid
513 3132 595 3197 esset
610 3131 814 3206 sentiendum,
832 3132 859 3195 si
875 3132 1001 3197 abortus
1017 3132 1166 3214 sequutus
1183 3131 1307 3214 quidem

1 3274 2 3304 t
64 3235 171 3314 luerit,
194 3236 247 3300 sed
270 3236 384 3302 exalia
405 3235 587 3302 accidentali
609 3252 710 3312 causa,
736 3253 794 3299 nou
818 3253 887 3298 vero
910 3253 945 3299 ex
968 3234 1070 3299 causis
1094 3234 1231 3300 studiose
1250 3235 1309 3300 ad-

64 3338 190 3416 hibitis,
214 3340 410 3405 incurrentue
434 3340 632 3423 procurantes
656 3339 734 3404 hanc
757 3337 947 3404 censuram?
989 3337 1144 3421 Respoud.
1169 3339 1237 3404 Non
1261 3339 1307 3404 vi·

64 3445 179 3508 dentur
203 3444 282 3508 hanc
302 3461 461 3509 censuram
484 3445 649 3518 incurrere,
677 3443 703 3507 si
726 3446 830 3508 temen
852 3442 929 3507 satis
953 3444 1110 3508 constaret
1133 3443 1182 3508 vel
1205 3441 1309 3508 media

63 3548 203 3612 studiose
226 3547 365 3613 adhibita
381 3547 474 3612 fuisse
489 3547 668 3626 inefficacia,
695 3547 741 3611 vel
757 3547 913 3611 constaret
928 3546 1074 3613 effectum
1090 3546 1306 3612 ascribendum

64 3671 132 3716 esse
155 3670 267 3717 causae
289 3650 483 3717 accidentali.
517 3651 694 3716 Articulum
718 3651 910 3732 praesentem
935 3650 1042 3732 aperte
1065 3669 1184 3733 quoque
1207 3649 1310 3715 decla·

64 3757 137 3822 rant
157 3755 256 3820 relata
278 3756 372 3820 rerba
392 3754 529 3820 Statinae
552 3754 801 3830 constitutionis,
823 3754 870 3819 ita
892 3754 929 3819 ut
949 3753 1075 3818 abortus
1098 3753 1199 3837 reipsa
1221 3772 1309 3818 secu·

65 3863 115 3925 tus
140 3857 251 3936 fuerit;
285 3879 364 3942 quac
398 3859 489 3924 rerba
522 3859 704 3924 coniunctur
739 3877 807 3922 cum
840 3857 950 3922 mediis
979 3857 1115 3922 studiose
1148 3856 1307 3931 adhibitis,

1 3969 2 4040 ξ
65 3967 226 4046 amquam
256 3964 382 4029 effectus
408 3982 478 4028 oum
508 3981 565 4028 sua
588 3979 681 4027 censa
708 3961 889 4027 alliciente«
938 3963 1072 4027 licontra
1102 3979 1160 4027 non
1193 3960 1307 4036 differt,

65 4071 170 4132 utrum
195 4067 321 4132 abortus
351 4087 386 4132 er
419 4065 527 4130 mediis
557 4065 708 4130 adhibitis
739 4067 864 4130 secutus
895 4063 989 4130 fuerit
1017 4065 1101 4129 illico
1123 4083 1163 4129 an
1191 4067 1308 4147 postea,

64 4171 228 4237 dumtaxat
251 4173 374 4236 secutus
396 4170 489 4234 luerit
510 4189 545 4234 ex
569 4169 678 4234 medita
702 4169 860 4234 adhibitis.
897 4168 928 4234 Si
951 4169 1020 4252 quis
1043 4188 1088 4235 er.
1113 4188 1159 4252 gr.
1184 4167 1307 4232 mulieri

64 4275 248 4358 praegnanti
271 4274 407 4358 quotidie
429 4293 485 4338 non
507 4273 553 4337 ita
576 4273 683 4356 gravia
706 4292 797 4338 onera
820 4273 975 4356 imponat,
999 4275 1035 4338 ut
1057 4273 1200 4338 abortum
1220 4270 1305 4336 illico

171 4447 197 4514 1)
216 4448 234 4500 1.
252 4464 274 4501 c.
292 4465 318 4517 p.
337 4445 388 4512 111,
407 4445 448 4501 ch.
467 4446 490 4500 Ι.
508 4446 532 4514 §-
551 4445 601 4500 111.
622 4462 684 4516 pag.
703 4445 764 4502 208.

170 4533 197 4600 2)
220 4531 416 4598 D'Anntdola',
435 4533 453 4588 1.
473 4549 495 4588 c.
513 4548 539 4586 n.
559 4533 618 4588 151.

168 4621 196 4688 3)
218 4622 480 4690 Gurg-Bullerinr',
499 4619 517 4672 1.
538 4635 560 4674 c.
580 4619 601 4674 1.
620 4635 645 4674 n.
664 4619 715 4674 toa
734 4623 762 4674 ot
783 4625 925 4685 attentae,
942 4621 960 4674 1.
983 4637 1005 4674 c.
1024 4621 1046 4675 1.
1066 4635 1130 4692 pag.
1149 4617 1209 4674 416.

171 4707 199 4776 4)
216 4708 236 4762 l.
254 4723 275 4762 o.
295 4723 356 4777 pag.
376 4706 434 4762 109.
