3142 5204
279 302 321 367 68
461 313 673 379 Hetderaretclr,
694 312 774 370 Dtea
791 312 828 370 in
846 329 907 372 aaa.
927 313 981 369 all.
1000 314 1096 370 conat.
1115 315 1221 386 Apost.
1238 310 1334 370 Sedis.

278 490 378 553 trema
400 486 581 552 necessitate
602 485 757 569 spirituali
776 483 933 552 infantis«
981 485 1067 552 Unde
1093 487 1158 569 ipse
1182 485 1306 551 Roeder
1319 487 1342 560 ¹)
1366 480 1519 560 concedit,

279 592 372 657 matri
395 591 426 655 id
449 591 547 656 iacere
571 591 661 656 licere
684 590 716 655 et
738 608 803 656 esse
824 590 951 655 maximi
974 590 1119 674 animir).

381 695 499 780 Nempe
511 694 573 758 iam
584 693 605 760 J
607 713 718 759 oannes
731 694 923 778 evangelista
935 695 965 758 iu
979 713 1025 777 ep.
1035 695 1064 758 3.
1078 693 1217 778 scripsit:
1233 694 1287 758 »In
1301 693 1358 758 hoc
1370 689 1520 756 debemus

279 819 332 884 pro
355 799 503 866 iratribus
527 799 646 866 animas
669 817 808 881 ponere«
1569 785 1570 790 ’

349 974 423 1038 Nou
444 973 514 1038 licet
533 974 650 1053 foetum
665 972 800 1053 perdere
822 978 981 1054 tamquam
1006 973 1178 1038 »iniustum
1200 990 1440 1054 oppressorem«

383 1112 410 1174 A
435 1110 542 1176 multis
565 1110 665 1175 foetus
688 1109 720 1174 in
744 1111 830 1174 utero
856 1110 964 1174 matris
996 1110 1167 1174 habebatur
1190 1127 1352 1192 aggressor
1375 1107 1433 1171 etsi
1460 1125 1520 1170 uon

279 1213 450 1279 formaliter
472 1216 576 1278 tamon
602 1212 803 1278 materialiter
813 1212 966 1290 iniustus,
987 1213 1113 1294 ideoque
1129 1213 1283 1299 dicebant,
1305 1211 1398 1276 matri
1425 1209 1522 1274 licere
1569 1199 1570 1242 ³

279 1318 397 1383 loetum
419 1315 636 1400 quovismodo
659 1317 819 1400 expellere.

382 1422 615 1504 econamum)
639 1420 685 1485 ita
708 1421 958 1503 argumentatur:
985 1468 990 1481 .
1014 1471 1019 1482 .
1046 1469 1051 1482 .
1079 1419 1197 1484 »inians
1221 1415 1457 1501 inprecatione,
1483 1416 1522 1480 de

279 1543 340 1608 qua
363 1525 496 1610 agimus,
521 1542 579 1589 non
601 1526 648 1588 est
669 1525 813 1589 innocens
833 1523 1012 1604 adaequate,
1040 1526 1087 1587 ost
1103 1524 1246 1587 innocens
1263 1521 1435 1586 formaliter
1453 1527 1524 1584 tan·
1568 1517 1570 1560 ἕ

280 1631 364 1695 tum:
394 1627 597 1693 materialiter
627 1629 675 1692 est
696 1645 858 1711 aggressor
882 1625 1029 1704 iniustus,
1058 1625 1111 1709 qni
1139 1627 1233 1690 vitam
1259 1626 1367 1690 matris
1389 1625 1521 1690 invadit.
1564 1623 1568 1637 '

280 1729 369 1811 Sane,
391 1750 541 1815 quaenam
564 1732 703 1797 estsere
725 1732 817 1814 atque
840 1729 975 1794 efficiens
997 1749 1091 1794 causa
1113 1730 1221 1794 mortis
1245 1729 1378 1794 matris?
1567 1727 1570 1740 ¹

382 1836 488 1901 Inlans
511 1835 576 1900 eius
599 1838 665 1914 est,
690 1836 721 1900 et
742 1833 830 1900 unice
855 1833 972 1912 infans,
1001 1833 1054 1917 qui
1077 1852 1144 1898 eam
1167 1853 1227 1898 non
1250 1832 1362 1898 occidit
1385 1833 1523 1908 tanturn,

280 1938 332 2004 sed
356 1939 452 2004 atroci
478 1957 596 2022 quoque
618 1938 756 2004 cruciatu
781 1987 788 2003 .
811 1991 817 2004 .
844 1987 861 2017 .,
884 1937 985 2014 inians
1006 1937 1043 2002 de
1064 1956 1122 2020 quo
1146 1936 1268 2022 agimus
1290 1939 1337 2002 est
1356 1954 1524 2020 aggressor
1563 1937 1570 1980 l

280 2043 413 2107 iniustus
436 2042 565 2126 positive
586 2093 594 2108 .
619 2090 626 2106 .
652 2091 658 2106 .
683 2042 824 2126 iusteque
848 2041 915 2105 ideo
939 2040 1173 2106 interficiatur«
1563 2043 1569 2057 “

383 2145 539 2230 imprimis
562 2144 730 2210 notandum
755 2146 817 2224 est,
840 2143 1013 2209 moralistae
1035 2143 1206 2222 dissentire,
1232 2144 1335 2207 utrum
1359 2141 1466 2220 liceat,
1492 2142 1523 2206 iu
1566 2128 1570 2194 5

279 2249 452 2316 defensioue
475 2251 582 2315 contra
604 2249 754 2315 iniustum
777 2265 966 2332 agressorem
987 2247 1103 2311 directe
1119 2247 1185 2310 eius
1202 2247 1329 2310 mortem
1347 2244 1520 2324 intendere,
1565 2235 1569 2293 i

281 2391 322 2400 —
343 2353 439 2436 quod,
462 2355 510 2418 uti
531 2363 565 2420 e'r
591 2373 623 2420 se
646 2355 788 2438 apparet,
820 2351 852 2418 in
876 2371 947 2418 casu
971 2353 1074 2417 nostro
1098 2351 1234 2417 asseclae
1257 2352 1383 2418 abortus
1407 2349 1525 2416 directi
1563 2362 1570 2403 -ἐ

280 2458 311 2521 et
334 2457 563 2536 oraniotomiae,
587 2457 770 2535 admittunt,
797 2495 832 2503 -
858 2475 896 2520 an
921 2457 1017 2520 solam
1033 2474 1120 2520 suam
1137 2455 1280 2532 salutem,
1302 2473 1380 2538 quae
1403 2453 1521 2538 quippe
1562 2465 1570 2511 u

280 2559 339 2624 nisi
362 2561 459 2626 morte
482 2560 590 2626 iniusti
613 2558 802 2646 aggressoris
825 2558 927 2641 parari
950 2560 1050 2642 potest
1073 2557 1094 2643 ).
1563 2572 1570 2616 l

386 2661 504 2727 Deinde
528 2682 588 2729 uon
609 2666 692 2728 stare
713 2681 801 2747 posse
825 2662 945 2727 videtur
967 2662 1046 2727 illud
1070 2663 1108 2730 cl.
1132 2662 1310 2738 Arenaria,
1340 2679 1449 2744 nempe
1474 2661 1525 2726 iu·
1557 2673 1570 2720 :i

281 2765 396 2830 fantem
419 2783 484 2831 esse
508 2783 611 2830 seram
633 2766 727 2850 atque
750 2765 935 2830 efficientem
965 2785 1089 2830 causam
1112 2765 1218 2831 mortis
1243 2765 1368 2844 matris,
1393 2766 1462 2844 rel,
1488 2768 1525 2830 ut
1557 2781 1565 2806 ’ὓ

280 2870 351 2932 utar
373 2868 473 2934 verbis
496 2868 693 2955 Peuuacleil)
725 2870 861 2934 »loetum
891 2862 957 2936 esse
986 2889 1038 2954 per
1060 2887 1092 2933 se
1115 2859 1147 2934 et
1168 2868 1337 2934 efficienter
1360 2871 1525 2936 maternae
1557 2887 1570 2933 u

282 2971 389 3038 mortis
414 2991 558 3039 causam«
584 2973 712 3057 ideoque
736 2973 910 3038 habendum
933 2975 968 3038 ut
988 2973 1139 3038 iniustum
1162 2990 1385 3058 aggressorem.

384 3076 465 3141 Nam
489 3076 669 3155 dicendum,
693 3076 812 3143 foetum
839 3096 897 3143 oon
929 3095 994 3141 esse
1021 3095 1073 3159 per
1093 3095 1125 3142 se
1149 3077 1180 3140 et
1202 3075 1371 3141 efficienter
1393 3094 1527 3142 eausam
1557 3077 1570 3142 i

281 3180 388 3245 mortis
412 3181 537 3262 matris,
569 3179 622 3245 sed
652 3200 807 3246 summurn
832 3201 884 3264 per
905 3180 1067 3258 oocideus;
1101 3199 1172 3246 nam
1206 3179 1324 3246 »loetus
1353 3197 1452 3264 neque
1486 3181 1527 3245 ab
1555 3187 1570 3248 't

280 3283 368 3348 initio
388 3303 484 3367 neque
508 3283 690 3367 gestationis
713 3284 844 3350 decursu
867 3283 958 3349 matri
982 3283 1079 3348 ullam
1101 3284 1210 3348 intulit
1236 3283 1344 3347 mortis
1376 3301 1527 3360 causam3

281 3387 333 3451 sed
357 3387 546 3452 conditiones
567 3387 720 3471 quaedam
743 3390 943 3465 emerserunt,
969 3386 1081 3471 quibus
1103 3388 1135 3452 et
1157 3386 1254 3470 ipsius
1277 3388 1309 3450 et
1330 3386 1443 3451 matris
1460 3388 1529 3452 vita
1552 3379 1570 3440 'u

281 3489 313 3555 iu
334 3489 502 3575 periculum
527 3493 634 3556 vocata
657 3493 713 3557 est.
759 3491 818 3556 Sed
842 3490 991 3556 eiusmodi
1016 3490 1268 3558 circumstantiae
1284 3491 1316 3554 et
1331 3489 1530 3557 conditiones
1557 3523 1570 3569 n

281 3596 429 3659 nontam
454 3613 472 3661 a
496 3594 579 3661 foetu
601 3613 694 3679 quam
718 3614 736 3660 a
759 3598 860 3661 matre
882 3595 1073 3678 dependent,
1102 3613 1170 3660 eum
1203 3612 1309 3659 earum
1340 3612 1438 3658 causa
1462 3596 1530 3660 siut
1558 3626 1570 3686 p

282 3697 328 3762 vel
360 3697 454 3780 pelvis
488 3698 633 3782 angustia
666 3699 714 3765 vel
746 3698 893 3764 debilitas
928 3699 976 3764 vel
1008 3699 1111 3781 eliqua
1142 3697 1269 3784 physica
1296 3696 1527 3779 imperfectio<
1555 3729 1570 3779 p

282 3800 438 3881 Quomodo
460 3820 532 3885 ergo
556 3804 657 3886 potest
680 3803 787 3868 haberi
810 3803 909 3868 loetus
930 3821 1024 3868 causa
1047 3802 1181 3867 eliciens
1211 3803 1369 3866 maternae
1401 3804 1530 3883 mortis,
1553 3821 1570 3888 ip

281 3923 349 3970 cum
372 3905 437 3988 ipso
460 3904 620 3972 Pennoclei
641 3907 795 3973 annuente
819 3925 912 3971 causa
932 3906 1068 3970 alliciens
1091 3905 1147 3969 illa
1170 3905 1302 3984 dieitur,
1331 3923 1411 3987 quae
1433 3925 1472 3972 ex
1496 3927 1530 3972 se
1549 3932 1570 3993 ‘p

1552 4035 1570 4108 ll

344 4171 347 4176 -
388 4135 414 4200 1)
431 4133 449 4187 l.
468 4149 490 4188 c.
509 4150 534 4204 p.
554 4134 595 4188 25.

384 4218 411 4288 2)
432 4220 465 4274 oi.
488 4221 701 4290 Oaslrcpalao‚
721 4216 792 4288 Opus
813 4219 905 4274 moral.
923 4221 973 4274 etc.
988 4217 1020 4273 de
1035 4234 1087 4273 ear.
1099 4216 1160 4274 (1.1.
1173 4235 1198 4288 p.
1211 4219 1235 4272 9.
1252 4217 1376 4288 regulam
1389 4218 1529 4287 primam:
1548 4249 1550 4258 ·

280 4307 312 4361 ln
337 4309 455 4360 extrema
481 4306 641 4360 necessitato
663 4304 800 4374 spirituali
826 4306 938 4374 proximi
963 4305 1043 4360 debes
1066 4306 1107 4373 (ex
1125 4305 1249 4370 caritate)
1272 4305 1430 4362 nouaclum
1453 4305 1529 4361 bona

280 4392 448 4459 temporalia,
468 4389 615 4446 sedetiam
635 4391 719 4446 vitam
740 4391 901 4459 impendere,
918 4393 945 4446 ot
968 4394 1069 4446 l'liorn.
1088 4391 1123 4446 ll.
1141 4391 1165 4446 2.
1185 4408 1210 4460 q.
1227 4392 1268 4446 26.
1288 4408 1312 4446 a.
1330 4393 1355 4446 5.
1557 4369 1569 4404 ⁰¹

385 4479 413 4545 3)
430 4480 498 4532 Acta
512 4495 532 4531 s.
553 4477 630 4532 Sedis
650 4477 702 4531 rol.
721 4477 782 4532 Vll.
801 4494 861 4548 pag.
883 4477 941 4531 287.

383 4563 412 4633 4)
430 4563 462 4617 cl.
483 4562 658 4630 Lehmlruhl,
677 4562 695 4617 l.
716 4561 846 4618 c.v01.1.
866 4579 891 4618 n.
911 4563 969 4618 833.

385 4635 413 4720 5)
431 4648 449 4704 l.
470 4665 492 4702 c.
512 4665 574 4718 pag.
596 4647 653 4704 102.
