3142 5204
425 306 627 374 operationes
644 307 680 357 aba
697 307 793 372 partae
813 303 925 356 linitae.
1254 269 1296 340 75

42 478 248 543 assentiente
274 479 327 542 Dr.
349 477 442 543 stota
453 477 476 558 ¹)
500 477 531 539 et
552 473 701 557 Olforsb,
725 473 848 538 unicam
871 471 997 536 abortus
1020 469 1237 534 indicationem
1260 487 1296 531 ex

41 583 218 666 permultis
243 601 262 646 a
286 580 411 645 medicis
436 579 550 645 relatis.
590 579 624 642 ln
646 577 864 643 retroversione
886 577 978 651 enim,
1001 574 1147 638 descensu
1171 575 1202 637 et
1224 590 1292 655 pro-

40 687 128 767 lapsu
158 686 262 762 uteri,
296 685 328 749 iu
360 683 600 749 uloerationibus
632 683 712 746 uteri
739 682 787 746 vel
820 681 1011 746 caeterarum
1038 677 1166 741 minoris
1196 675 1293 758 pelvis

39 789 182 872 partium
208 789 304 853 tertio
328 788 375 851 vel
398 788 507 870 quarto
531 785 713 869 gestationis
736 802 840 850 mense
863 783 990 858 accidit,
1013 783 1049 844 ut
1072 781 1178 844 uterus
1201 777 1293 842 nimis

39 893 198 958 dilatetur
222 893 255 956 et
278 893 447 974 augeatur,
480 891 524 954 ita
557 891 593 954 nt
624 889 866 971 promontorium
899 884 1115 951 transcendere
1149 882 1291 962 nequeat.

40 998 115 1060 lude
142 997 314 1080 emergunt
336 1012 481 1078 perquam
506 1011 619 1076 magna
641 991 777 1074 pericula
799 993 832 1054 et
854 989 947 1054 matri
969 990 1001 1053 et
1021 987 1131 1052 intanti
1145 986 1182 1067 ³).

149 1107 307 1174 Omnibus
330 1105 400 1171 aliis
423 1105 567 1170 remediis
589 1105 621 1168 in
641 1104 697 1168 tali
725 1103 895 1168 miserrimo
918 1103 1003 1166 statu
1026 1098 1192 1174 adhibitis,
1218 1097 1291 1180 quin

39 1213 176 1278 effeetus
199 1211 298 1275 bonus
322 1212 445 1288 secutus
466 1209 517 1286 sit,
538 1209 569 1272 et
593 1211 691 1272 matre
712 1208 743 1271 iu
766 1210 901 1270 extremo
918 1203 1052 1286 periculo
1072 1203 1223 1279 versante,
1246 1204 1292 1265 vi-

39 1317 136 1380 detur
173 1315 270 1378 lieere
300 1313 389 1379 unico
423 1313 523 1377 adbuo
551 1312 661 1376 salutis
682 1311 815 1375 remedio
838 1311 901 1388 nti,
930 1309 950 1372 i.
973 1328 999 1371 e.
1024 1306 1186 1389 punctione
1212 1305 1290 1370 uteri

39 1439 172 1502 aquam,
198 1417 230 1481 in
255 1436 314 1500 qna
338 1419 427 1482 natat
447 1417 557 1494 foetus,
581 1415 771 1480 subtrahere.

154 1533 218 1598 Res
242 1530 286 1595 sio
310 1529 480 1596 sehabet:

153 1644 189 1706 1⁰
213 1644 311 1706 mater
333 1645 381 1706 est
403 1641 573 1706 constitute
597 1641 627 1704 in
652 1640 846 1716 immediato,
876 1639 992 1704 directo
1021 1639 1129 1704 mortis
1154 1637 1290 1720 periculo

39 1747 138 1812 sionti
164 1745 279 1823 iulans,
302 1747 354 1827 qui
378 1746 507 1809 tbrtusse
530 1747 601 1810 ante
623 1747 751 1808 mortem
777 1745 886 1808 metris
911 1744 1039 1825 peribit3

151 1853 188 1914 2⁰
212 1848 315 1913 omnia
338 1847 399 1912 alia
420 1849 530 1912 salutis
553 1848 662 1912 metris
685 1849 821 1912 remedia
845 1849 995 1912 frustrate
1016 1849 1108 1922 sunt,

152 1955 188 2018 3⁰
214 1955 312 2018 restat
342 1953 465 2018 nnieum
491 1954 522 2017 et
556 1952 710 2028 salutare,
740 1951 858 2015 seilicet
888 1951 1011 2016 emissio
1042 1969 1139 2032 aquae
1167 1950 1289 2014 loetalis

40 2059 123 2122 uteri
152 2056 337 2140 parietinum

151 2164 188 2222 4⁰
212 2160 339 2224 effeetus
363 2159 498 2224 directus
521 2160 553 2222 et
576 2159 775 2222 immediatus
798 2161 845 2222 est
868 2158 1012 2241 repositio
1035 2158 1117 2222 uteri
1143 2160 1175 2222 et
1205 2159 1289 2222 salus

40 2265 157 2330 matris
183 2263 392 2329 deminutione
414 2263 492 2326 uteri
521 2262 700 2344 volumis⁴);

152 2368 192 2431 5⁰
213 2369 339 2432 abortus
363 2367 507 2448 subsequi
529 2367 640 2450 potest,
665 2367 716 2430 sed
739 2385 796 2430 non
818 2365 928 2440 debet;

151 2473 189 2536 6⁰
212 2471 339 2535 effeetus
364 2472 461 2534 bonus
484 2470 620 2534 directus
642 2470 672 2533 et
690 2470 886 2535 immediatus
900 2472 948 2534 est
963 2470 1073 2534 saltem
1091 2469 1289 2550 aequivalens

40 2574 171 2639 effectui
197 2574 348 2638 indirecto
367 2573 504 2656 possibili
527 2573 623 2650 malo;

151 2679 189 2742 7⁰
209 2677 372 2760 punctione
396 2677 476 2742 uteri
502 2677 616 2743 omissa
647 2679 740 2742 etiam
773 2697 916 2762 persaepe
947 2679 1073 2743 abortus
1102 2680 1288 2761 spontaneus

41 2781 185 2856 assidit3
209 2779 288 2844 adde

151 2885 189 2948 8⁰
211 2883 291 2967 quod
312 2904 347 2948 eo
371 2885 504 2950 remedio
529 2885 727 2968 probabiliter
750 2886 850 2950 infans
881 2886 1032 2968 baptizari
1059 2889 1176 2971 possit,
1207 2888 1287 2971 quud

40 2989 136 3052 aliter
158 2988 357 3070 impossibile,
381 2992 412 3054 st

7 3077 8 3086 ἵ
150 3095 189 3156 9⁰
209 3093 335 3156 abortus
358 3113 414 3157 nou
439 3093 610 3158 intenditur
634 3112 731 3175 neque
753 3096 800 3156 est
822 3093 991 3158 remedium
1015 3095 1154 3159 intentae
1178 3095 1288 3159 matris

41 3196 178 3274 salutis,
208 3196 260 3259 sed
285 3197 406 3264 emissio
430 3217 527 3280 equae
551 3197 684 3274 natalis,
715 3193 1033 3279 quereJOapellmann
1061 3197 1157 3262 talem
1180 3218 1287 3281 opera·

42 3301 163 3365 tionem
188 3300 399 3366 obstetriciam
424 3320 532 3366 vocare
552 3301 619 3365 vult
642 3301 785 3364 abortum
808 3299 1003 3364 indirectum.

150 3411 267 3492 Quaeri
288 3412 388 3478 solum
404 3413 509 3496 possit,
534 3433 606 3477 num
623 3412 748 3495 panetio
764 3412 842 3480 uteri
859 3412 901 3476 sit
917 3412 1029 3476 licita?
1058 3413 1286 3479 Affinnendum

7 3551 8 3562 ,
42 3516 186 3594 ridetur,
220 3516 362 3596 quonism
386 3516 508 3581 emissio
532 3537 628 3600 aquae
653 3517 773 3581 loetalis
794 3535 850 3580 non
872 3535 991 3598 semper
1014 3534 1140 3580 causare
1164 3517 1286 3583 videtur

42 3621 211 3694 abortum,
242 3619 314 3701 quin
346 3621 408 3685 imo
441 3640 634 3703 nonnunqam
663 3621 762 3684 suetus
785 3621 815 3684 in
840 3619 951 3702 pelvim
977 3619 1122 3684 maiorem
1146 3621 1287 3686 aseendit

42 3723 156 3787 abortu
182 3741 242 3785 non
264 3726 378 3789 seonto.

148 3844 210 3910 IIl.
241 3845 392 3910 Similiter
413 3847 576 3912 diiudicari
599 3865 685 3930 posse
709 3847 839 3924 videtur,
862 3848 887 3912 si
905 3850 976 3913 ante
991 3848 1285 3932 duodetrigesimum

43 3946 279 4025 hebdomadem,
301 3953 333 4014 at
357 3950 454 4015 altere
477 3951 660 4034 gestationis
683 3951 811 4016 dimidio
834 3953 932 4018 matre
956 3955 985 4016 iu
1014 3955 1149 4017 extremo
1177 3953 1285 4018 mortis

44 4052 184 4133 periculo
208 4051 378 4118 constitute
403 4056 533 4134 constat,
559 4056 606 4119 vel
628 4056 715 4121 illam
740 4057 788 4121 vel
811 4057 928 4122 loetum
954 4056 1111 4122 relambo
1134 4057 1285 4139 perituros

44 4175 119 4236 esse,
143 4155 205 4220 nisi
228 4156 354 4221 abortus
377 4161 557 4240 provocetur
579 4162 634 4224 aut
654 4161 749 4226 sectio
773 4179 913 4227 caesarea
930 4163 1132 4245 perpetretur,
1157 4161 1285 4244 gravida

150 4367 177 4437 ll
197 4369 214 4423 l.
235 4383 256 4424 o.
273 4385 336 4440 pag.
353 4369 414 4426 459.

146 4455 175 4522 2)
196 4456 214 4510 l.
233 4472 254 4509 e.
273 4471 335 4526 pag.
355 4455 394 4510 18.

146 4542 175 4610 3)
198 4543 413 4612 Cupeltmamn,
431 4543 449 4598 l.
469 4561 503 4598 m.
523 4563 545 4600 e.

148 4629 178 4702 4)
199 4628 309 4698 Olfers,
327 4629 344 4682 l.
365 4645 385 4684 e.
404 4645 467 4704 pag.
486 4631 527 4688 18.
