3142 5204
539 291 677 358 Censura
694 292 830 356 obortus.
1258 264 1305 352 Ι97

157 483 284 549 Omnes
304 475 427 560 quidem
452 475 488 540 D.
513 473 551 539 D.
577 471 781 548 consentiunt,
804 488 948 535 excusare
971 489 990 535 a
1013 490 1142 537 censura
1161 473 1309 556 ignoran-

46 597 122 662 tiam
152 581 376 652 invincibilem
410 577 517 656 (adde3
551 575 810 641 inadvartentiam
840 577 871 638 et
897 574 1080 640 oblivionem
1105 577 1266 662 censurae)
1283 579 1308 661 ¹)

48 691 274 782 ignorantiam
304 681 487 764 simpliciter
518 678 691 744 vincibilem
723 678 775 742 sed
805 696 863 742 non
898 678 1035 761 graviter
1071 680 1255 762 culpabilem
1272 685 1308 762 ²).

50 801 139 868 Unde
167 813 234 858 non
258 803 419 855 censuram
445 782 608 849 incurrerit
624 799 789 865 procurans
804 782 957 859 abortum,
977 783 1114 847 nesciens
1131 785 1195 848 tale
1208 785 1311 850 scelus

49 904 110 986 legi
139 895 273 983 poenali
299 889 525 956 ecclesiasticae
546 886 697 969 positivae
713 903 893 968 repugnare,
914 884 972 949 etsi
988 885 1046 949 sibi
1062 888 1203 952 conscius
1218 891 1311 967 essct,

1 1041 2 1044 ¹
48 1011 76 1073 id
103 1015 293 1086 repugnare
315 994 378 1075 legi
402 991 536 1057 naturali
559 991 591 1053 et
615 989 727 1052 divino.
760 987 937 1070 (lllpbons.)
985 989 1180 1055 Dissentiunt
1202 992 1309 1056 autem

1 1123 2 1150 ³
50 1116 85 1178 D,
117 1109 160 1174 Ι),
198 1099 302 1187 quoad
335 1094 544 1179 ignorantiam
576 1091 750 1157 vincibilem
782 1091 918 1174 graviter
948 1092 1145 1175 culpabilem.
1191 1094 1311 1161 8.,41-

44 1207 239 1298 plmnsresi)
263 1203 310 1268 ita
333 1199 493 1264 dissolvit:
528 1196 656 1278 »Quaen
681 1195 704 1260 l.
728 1195 776 1258 An
800 1191 905 1278 possit
916 1194 983 1260 dari
1008 1196 1112 1278 aliqua
1135 1197 1314 1280 ignorantia

48 1313 231 1384 vincibilis,
255 1323 334 1390 quae
355 1303 517 1367 excusata
540 1318 677 1374 censura.
701 1299 775 1363 licet
795 1318 853 1363 non
877 1301 1000 1364 excuset
1023 1305 1184 1382 apeccato
1199 1302 1313 1383 gravi?

48 1415 239 1489 Affirmant
262 1408 379 1476 Sonuit.
406 1408 442 1469 de
466 1405 556 1469 matr.
577 1405 596 1467 l.
621 1404 650 1466 9.
675 1403 704 1467 d.
728 1403 781 1468 32.
805 1422 834 1466 n.
858 1403 897 1466 31
924 1418 959 1468 ac
982 1402 1053 1470 Pol.
1070 1403 1170 1470 Dium
1188 1407 1247 1470 etc.
1264 1425 1314 1489 ap.

46 1525 157 1593 Salen.
187 1515 256 1583 ibid
280 1533 309 1576 n.
337 1509 411 1585 196,
443 1509 596 1585 dicentes,
626 1524 712 1588 posse
741 1505 807 1571 dari
827 1506 1055 1589 ignorantiam,
1087 1527 1165 1591 quse
1189 1527 1247 1572 non
1272 1511 1315 1574 sit

47 1645 166 1695 crassa
193 1638 249 1685 seu
274 1614 385 1699 supina
407 1614 439 1676 et
460 1613 564 1676 tamen
596 1610 638 1673 sit
664 1610 801 1692 graviter
823 1609 1007 1692 culpabilis:
1041 1631 1111 1676 uam
1136 1611 1315 1695 ignorantia

47 1747 166 1798 crassa
201 1719 334 1787 involvit
364 1734 515 1780 summam
543 1713 783 1798 negligentiam,
818 1732 890 1796 ergo
921 1713 970 1796 (ut
993 1713 1094 1798 aiunt)
1126 1715 1314 1799 ignorantia,

1 1881 2 1924 p
48 1853 137 1920 quae
161 1825 282 1894 accidit
306 1822 344 1887 ob
368 1837 513 1902 magnam
537 1818 589 1883 sed
614 1835 848 1881 nonsummum
873 1817 1117 1902 negligentiam,
1147 1820 1207 1884 erit
1230 1838 1313 1884 mor-

48 1939 155 2011 talia,
188 1929 244 1996 sad
271 1946 328 1991 non
352 1942 473 1987 crasssa
496 1924 527 1985 et
549 1921 618 1986 ideo
641 1921 797 1986 excusabit
820 1939 839 1985 a
862 1939 1008 1997 censura,
1043 1924 1077 1986 ut
1108 1921 1247 1988 inferunt
1278 1942 1312 1989 ex

51 2067 79 2110 c.
109 2042 144 2105 2.
171 2035 219 2100 De
242 2029 357 2095 condit.
382 2027 414 2090 in
436 2027 474 2098 6,
499 2025 549 2088 ubi
573 2025 751 2107 ignorantes
774 2025 959 2088 excusantur
983 2045 1001 2089 a
1022 2043 1150 2091 censura
1173 2026 1222 2112 (ut
1245 2028 1311 2092 ani·

51 2158 188 2212 marum
220 2132 366 2218 periculis
398 2129 554 2206 obvietur,
587 2127 748 2193 sententiis
776 2148 830 2208 per
850 2129 971 2193 statuta
993 2148 1243 2213 quorumcunque
1265 2149 1314 2195 or·

53 2244 258 2314 dinariorum
284 2235 413 2319 prolatis
436 2232 527 2314 ligari
548 2231 688 2296 nolumus
704 2232 905 2313 ignorantes),
930 2231 1002 2295 dum
1018 2235 1121 2297 tamen
1139 2234 1316 2317 ignorantia

56 2366 174 2418 crassa
206 2362 264 2408 nou
291 2339 385 2403 fuerit
405 2343 460 2400 aut
481 2337 591 2418 supina
624 2335 705 2418 (Lib.
731 2335 758 2398 1.
786 2335 837 2402 tit.
862 2335 902 2402 11.
927 2354 973 2417 cp.
999 2335 1056 2416 Il).
1104 2336 1314 2404 Veruntamen

58 2453 182 2522 merito
206 2442 425 2512 contradicunt
449 2441 562 2522 Lapm.
585 2457 611 2504 c.
635 2438 687 2504 20.
711 2457 740 2502 n.
759 2438 820 2521 20;
841 2439 922 2506 Bon.
945 2445 974 2522 p'.
994 2440 1021 2504 1.
1047 2441 1144 2507 n.10.
1167 2441 1262 2508 Boos.
1280 2443 1318 2508 de

60 2578 122 2624 usu
151 2556 247 2618 matr.
272 2567 299 2614 e.
324 2549 353 2615 5.
377 2566 404 2610 n.
429 2545 481 2608 85.
505 2561 575 2606 cum
596 2541 691 2608 Suur.
715 2543 747 2606 ot
770 2543 924 2607 communi
942 2562 977 2606 ac
992 2543 1090 2609 Sulm.
1108 2544 1182 2611 ibid.
1198 2566 1225 2610 n.
1243 2547 1317 2614 197.

59 2681 135 2730 cum
167 2655 261 2736 Vnsp.
287 2651 361 2717 Con.
383 2648 472 2714 Corn.
495 2651 565 2720 ete..
591 2645 644 2729 qui
663 2649 816 2724 asserunt,
840 2646 1029 2728 praedictam
1054 2649 1241 2714 sententiam
1267 2651 1314 2716 vir

59 2784 133 2832 esse
160 2757 297 2843 practice
320 2751 520 2836 probabilem,
544 2769 614 2814 curn
639 2749 686 2814 vix
710 2749 838 2813 inveniri
863 2750 959 2833 possit
980 2750 1158 2834 ignorantia
1179 2754 1318 2837 graviter

60 2863 253 2950 culpabilis,
283 2876 360 2941 quae
389 2873 448 2920 non
479 2857 520 2919 sit
551 2853 644 2918 etiam
668 2872 782 2921 crassa.
827 2853 938 2920 (tressa
961 2855 1043 2919 enim
1067 2857 1188 2922 evenire
1212 2859 1314 2939 potest

62 2993 123 3038 non
150 2968 273 3042 solum,
304 2959 427 3044 quando
460 2959 544 3022 nulla
573 2956 737 3041 diligentia
766 2958 819 3022 sed
846 2958 941 3025 etiam
964 2959 1087 3042 quando
1110 2960 1199 3025 valde
1223 2980 1317 3043 parva

62 3073 269 3142 admocum«

178 3191 297 3255 Horum
322 3186 442 3250 scilicet
462 3184 621 3268 Laymaai
643 3187 701 3249 etc.
723 3185 909 3249 sententiam
926 3183 1007 3250 inter
1022 3185 1100 3250 alios
1116 3187 1146 3250 et
1163 3185 1317 3264 Hainer⁴t

61 3298 223 3383 sequitur,
248 3295 279 3356 et
302 3289 513 3371 Lebmtubt⁵)
536 3287 589 3369 qni
610 3287 725 3370 optime
750 3289 961 3371 prosequitur:
997 3290 1165 3354 »Attamen
1188 3289 1220 3352 id
1245 3289 1317 3354 addi

62 3403 175 3475 debet,
199 3396 278 3460 satis
300 3411 365 3457 esse
388 3391 544 3456 confusam
563 3390 715 3473 quandam
738 3409 851 3474 poenae
872 3393 1026 3468 notitiam,
1051 3412 1109 3457 uon
1130 3391 1247 3477 requiri
1267 3411 1318 3457 ac·

63 3509 214 3572 curatam
239 3515 384 3564 censurae
412 3495 538 3577 eiusque
564 3493 728 3558 effectuum
759 3495 988 3578 cognitionem:
1022 3516 1116 3580 quare
1149 3497 1228 3562 satis
1261 3499 1319 3576 est,

65 3627 180 3683 nosse,
222 3601 391 3669 llcclesiam
424 3603 542 3663 certum
575 3596 653 3662 illud
685 3599 803 3664 crimen
836 3600 962 3682 speciali
995 3619 1091 3684 poena
1127 3601 1319 3684 prohibere«

65 3717 175 3796 Quum
200 3707 298 3790 igitur
321 3705 421 3769 adbuc
444 3703 499 3768 sub
528 3701 628 3766 iudice
658 3699 696 3764 lis
720 3703 780 3778 sit,
812 3702 904 3767 licere
935 3704 967 3769 in
996 3705 1082 3787 praxi
1113 3705 1323 3790 benigniorem

67 3813 264 3882 sententiam
287 3808 431 3890 amplecti
457 3806 586 3870 videtur.

3 4007 4 4014 p
182 3933 313 3997 ilcoutra
341 3929 465 3994 minime
487 3925 614 3992 dubium
635 3926 682 3989 est
704 3925 912 4009 ignorantium
936 3945 1072 3991 crassam
1096 3947 1150 3992 seu
1178 3930 1320 4012 supinum

68 4047 103 4108 et
126 4037 311 4104 adeotatam
335 4033 366 4096 in
400 4035 502 4097 nostro
532 4049 603 4095 casn
639 4047 697 4092 non
731 4047 875 4093 excusare
907 4049 926 4094 a
960 4049 1105 4108 censura,
1142 4051 1211 4096 curn
1240 4031 1322 4098 desit

74 4192 394 4212 .....---—--—-

183 4280 211 4349 1)
235 4279 356 4340 Hetaer,
375 4277 392 4330 l.
412 4291 434 4329 o.
453 4290 478 4343 p.
499 4273 541 4327 12.

183 4367 212 4434 2)
235 4366 357 4426 Heium,
375 4361 394 4416 l.
412 4378 434 4416 c.
452 4379 478 4428 p.
496 4361 522 4414 8.

184 4455 214 4522 3)
234 4451 252 4506 l.
271 4465 293 4503 c.
312 4449 329 4504 l.
349 4450 372 4503 7.
391 4465 416 4503 n.
433 4449 476 4501 45.

183 4541 212 4604 4)
232 4537 251 4592 l.
269 4552 291 4590 e.
309 4551 370 4604 pag.
389 4537 414 4588 9.

184 4625 214 4694 bl
233 4623 254 4678 l.
272 4642 293 4676 a
311 4622 363 4677 vol.
381 4621 420 4678 11.
437 4637 464 4675 n.
482 4619 544 4674 865.
