3142 5204
280 295 321 362 92
463 313 675 379 Hetdenretch,
697 313 777 368 Dias.
794 316 830 368 ln
848 325 909 368 cos.
929 313 983 366 all.
1002 317 1097 366 const.
1117 313 1221 381 Apost.
1238 309 1333 367 Sedis.

283 485 333 549 Dr.
356 485 526 569 Heinerl),
557 485 732 552 Buccerouo'
754 483 900 566 aliosque.
946 480 1094 566 Ratio²lz
1126 483 1216 565 »quia
1244 482 1297 546 illa
1323 481 1402 548 Sixti
1426 484 1466 548 V.
1495 482 1531 546 et

280 587 421 672 Gregorii
447 589 530 656 XIV.
554 587 827 654 excommunicatio
858 605 917 651 non
948 587 1104 651 ferebatur
1135 587 1321 669 generaliter
1350 587 1382 650 in
1413 603 1530 650 omnes

280 693 476 774 procurantes
497 691 655 768 abortum,
686 691 733 756 nti
756 690 934 756 indistincte
957 689 1057 755 fertur
1080 708 1223 772 praesens
1243 690 1530 754 excommunicatio

279 794 383 860 Const.
400 795 504 877 Apost.
522 795 601 875 Sed,
626 795 678 861 sed
702 795 863 860 dumtaxat
887 793 918 858 in
941 813 1027 876 opem
1052 793 1224 868 consilium,
1248 793 1395 870 fauorem,
1418 793 1529 875 potio-

281 918 348 968 nem
373 900 430 963 etc.
456 899 565 963 dantes
587 900 655 978 etc,
677 916 755 982 quae
771 897 893 980 quidem
911 898 1088 980 respiciunt,
1111 897 1164 981 qni
1181 897 1340 960 mulierem
1357 896 1528 972 adiuvant,

281 1001 406 1066 minime
430 1021 499 1066 vero
522 1003 679 1068 mulierem
697 1002 877 1078 adiutam‹;
901 1002 949 1066 vel
966 1003 1013 1066 uti
1030 1001 1222 1067 adversarius
1238 999 1329 1065 huius
1344 1001 1530 1064 sententiae

280 1106 317 1170 cl.
342 1105 395 1170 ille
417 1106 608 1172 Pennucctii
630 1108 815 1189 argumenta
838 1105 993 1188 componit
1002 1108 1045 1189 8l:

387 1210 533 1294 »1⁰quia
556 1211 605 1275 lex
628 1209 782 1294 generalis
805 1209 906 1274 estet
929 1229 998 1274 curn
1023 1228 1080 1275 non
1105 1209 1276 1292 distigust,
1307 1227 1360 1272 nec
1385 1228 1443 1273 nou
1472 1209 1526 1272 di·

280 1312 437 1396 stinguere
460 1303 614 1390 debemus,

382 1417 419 1478 2⁰
455 1419 528 1500 quia
564 1420 670 1500 aperta
709 1421 756 1484 est
784 1419 972 1502 legislatoris
1004 1417 1145 1483 voluntas
1180 1418 1321 1480 abortum
1348 1416 1528 1498 impedire:

280 1538 339 1602 quo
363 1519 459 1602 igitur
482 1522 572 1603 pacto
595 1521 723 1604 supponi
747 1525 850 1604 potest
873 1523 1003 1588 uoluisse
1022 1523 1135 1586 matres
1152 1521 1190 1584 ab
1207 1521 1528 1585 excommunicatione

280 1623 382 1700 eximi,
405 1643 484 1706 quae
504 1624 683 1709 plerumque
703 1627 757 1690 aut
781 1625 854 1691 sunt
874 1627 929 1690 aut
944 1628 1026 1690 certe
1042 1644 1107 1690 esse
1123 1628 1249 1707 possunt
1266 1625 1392 1689 abortus
1407 1643 1528 1688 causae

280 1726 484 1809 principales?

383 1832 417 1894 30
444 1831 517 1913 quia
547 1851 616 1896 cum
647 1831 679 1895 in
706 1832 799 1897 Piano
823 1833 924 1915 capite
959 1852 1016 1898 non
1048 1831 1344 1914 comprehendantur
1367 1831 1525 1909 lavantes,

280 1933 490 2010 consulentes,
514 1935 540 1998 si
562 1935 646 2017 ipsae
671 1936 816 2000 mulieres
839 1937 1044 2019 praegnantes
1067 1935 1287 2009 excludantur.
1316 1935 1365 2000 lex
1391 1935 1526 2016 impune

282 2035 387 2100 violari
410 2037 532 2119 poterit.
568 2039 697 2104 Poscant
719 2039 799 2105 enim
825 2040 1008 2123 principales
1031 2039 1159 2104 suadere
1183 2038 1315 2116 mulieri,
1341 2040 1376 2102 ut
1399 2040 1525 2119 specia-

279 2138 361 2204 libus
383 2140 491 2206 mediis
515 2143 657 2208 abortum
681 2145 836 2226 procuret,
860 2145 951 2228 atque
976 2144 1021 2208 ita
1042 2161 1146 2208 omnes
1169 2141 1522 2208 excommunicationem

281 2243 461 2328 effugerent,
486 2247 517 2310 et
540 2247 641 2330 legem
665 2247 807 2312 inutilem
831 2247 1039 2328 reciderent‘).

381 2348 417 2412 4⁰
441 2352 660 2432 argumentum
685 2351 882 2434 desumptum
906 2369 941 2415 er
965 2351 1182 2416 retorsimus

383 2453 499 2518 Tamen
530 2453 693 2520 dicendum
721 2457 785 2532 est,
818 2475 886 2520 cum
911 2454 1005 2518 dubia
1027 2453 1069 2518 sit
1091 2454 1166 2518 haec
1189 2454 1345 2535 quaestio,
1371 2451 1464 2518 eximi
1492 2455 1523 2516 in

280 2557 364 2637 praxi
389 2576 474 2638 posse
499 2559 642 2622 mulieres
666 2559 751 2624 iuxta
774 2558 851 2623 illud
875 2577 898 2622 s.
921 2559 1125 2639 alphonsum.

383 2661 415 2743 b)
439 2661 574 2727 Incurrit
596 2681 768 2741 censuram,
790 2662 845 2745 qui
867 2682 940 2744 »pm
962 2662 1158 2745 interpositas
1180 2679 1342 2744 personas<
1372 2660 1521 2724 abortum

280 2764 505 2843 procuraverit;
535 2784 624 2841 nam,
655 2766 735 2848 quod
758 2766 826 2850 quis
850 2785 901 2848 per
922 2766 1020 2831 alium
1043 2765 1137 2842 lacit,
1162 2785 1215 2848 per
1237 2783 1269 2828 se
1293 2765 1394 2846 ipsum
1417 2763 1524 2827 lacere

279 2863 409 2931 uidetur.
430 2867 537 2947 Quoad
549 2872 746 2950 cooperantes
759 2870 911 2945 abortum,
926 2870 1001 2934 mihi
1014 2868 1126 2951 placet,
1139 2869 1273 2949 exceptis
1287 2866 1522 2944 mandantibus,

279 2967 394 3052 optime
417 2970 551 3036 dilucida
568 2972 658 3036 huius
673 2973 860 3054 quaestionis
879 2973 992 3037 solutio
1010 2972 1047 3039 cl.
1064 2973 1223 3038 Jouuaro·
1234 2969 1448 3053 Becceroniss)
1467 3021 1474 3033 .
1493 3020 1522 3036 ..

282 3071 397 3152 »Unde
424 3075 468 3138 ait
484 3074 630 3140 laudatus
647 3077 696 3140 hio
713 3079 819 3141 auctor
837 3075 995 3160 »quaestio
1011 3077 1159 3152 movetur,
1183 3095 1222 3140 an
1238 3074 1435 3156 cooperantes
1452 3093 1524 3155 ope,

279 3177 405 3241 oonsilio
432 3179 480 3242 vel
505 3179 706 3245 alienatione
729 3179 1070 3245 excommunicationem
1099 3178 1193 3243 etiam
1218 3197 1298 3242 nuno
1320 3177 1522 3254 contrahant,

279 3299 346 3346 cum
361 3281 445 3346 nulla
461 3282 516 3347 liat
529 3283 560 3346 in
574 3283 800 3350 Constitutione
816 3280 1146 3366 ›apostolicaesedis‹
1162 3281 1331 3358 distinctio,
1343 3279 1395 3345 sed
1410 3297 1524 3361 procu-

279 3385 382 3450 rantes
409 3386 590 3468 simpliciter
616 3389 647 3452 et
675 3386 811 3452 universi
844 3386 1157 3452 excommunicatione
1192 3385 1354 3450 feriuntur.
1403 3383 1522 3446 Verum

278 3487 530 3572 distinguendum
555 3489 685 3554 videtur.
727 3490 782 3554 Vel
805 3489 886 3554 euim
910 3490 1113 3570 cooperantur
1137 3489 1261 3571 physice
1286 3487 1332 3552 vel
1358 3487 1523 3552 moraliter

279 3595 411 3657 tantum.
458 3593 490 3657 Si
520 3593 621 3675 prius,
656 3593 820 3658 videndum
842 3593 907 3670 est,
938 3613 977 3656 an
1000 3593 1180 3657 immediate
1203 3593 1235 3656 et
1256 3591 1390 3674 proxime
1413 3590 1460 3654 ita
1485 3593 1523 3654 ut

278 3695 441 3778 participes
461 3696 533 3774 sint,
555 3697 651 3778 ipsius
667 3697 798 3761 actionis
816 3695 960 3780 physicae
976 3715 1038 3779 qua
1055 3696 1186 3760 infertur
1203 3696 1337 3774 abortus,
1362 3695 1522 3777 potionem

279 3818 306 3862 v.
330 3818 361 3883 g.
386 3799 588 3881 propinando;
621 3819 692 3864 nam
723 3803 797 3864 tuno
820 3819 890 3864 vere
917 3801 948 3864 et
970 3802 1089 3882 proprie
1110 3799 1198 3862 illum
1223 3799 1405 3881 procurant3
1439 3817 1480 3861 an
1505 3818 1521 3862 e

277 3905 384 3967 contra
405 3903 537 3968 mediate
559 3909 590 3967 et
614 3905 737 3984 remote,
764 3924 789 3970 v.
805 3923 835 3987 g.
860 3903 1068 3987 praeparando
1084 3905 1206 3968 tantum
1222 3902 1441 3980 instrumenta,
1465 3905 1521 3966 ant

382 4129 408 4195 1)
427 4130 446 4182 l.
463 4146 484 4184 c.

382 4213 409 4282 2)
430 4217 610 4278 Buccerono'⁹
629 4217 648 4269 l.
665 4232 686 4270 c.
706 4233 731 4270 n.
753 4215 793 4270 14.

382 4301 408 4364 3)
427 4302 444 4354 l.
464 4317 485 4356 o.
506 4317 569 4370 pag.
590 4304 630 4357 19.

382 4387 409 4453 4)
429 4405 451 4441 v.
471 4405 497 4456 g.
517 4387 647 4456 effugeret
667 4389 792 4444 meretrix
813 4389 1109 4446 excommunicationem
1130 4403 1281 4458 praegnans
1298 4387 1419 4442 libidinis
1438 4404 1518 4442 cansa

279 4471 306 4525 in
325 4489 353 4525 se
372 4489 516 4539 procurans
534 4474 657 4528 abortum
677 4478 709 4530 ut
726 4476 754 4530 in
772 4479 908 4543 posterum
928 4476 995 4530 vitio
1014 4477 1099 4530 vacet.

383 4559 409 4626 5)
429 4559 446 4615 l.
467 4575 488 4613 c.
507 4576 534 4614 n.
553 4561 594 4615 67.
613 4561 646 4616 cl.
665 4578 746 4631 supra
767 4563 940 4616 Letnututl.

383 4647 409 4712 6)
430 4645 447 4698 l.
467 4662 489 4700 o.
511 4663 536 4700 u.
555 4648 596 4700 77.
